2525 3884
959 226 1260 277 ΙΑῙΑΔοΣ
1297 227 1468 281 xv11.
2131 223 2214 289 99

228 373 393 445 ,,νῦν
433 362 553 450 μὲν
599 367 711 450 δή,
756 365 1060 433 Μενέλαε
1106 365 1477 454 διοτρεφές,
1521 363 1564 452 ἦ
1609 369 1781 454 μάλα
1825 371 2027 445 τίσεις

229 473 476 552 γνωτὸν
512 471 701 556 ἐμόν,
747 474 866 537 τὸν
912 476 1217 558 ἔπεφνες,
1265 473 1697 558 ἐπευχόμενος
1746 471 1806 539 δ’
1859 474 2214 559 ἀγορεύεις,

228 579 516 662 χήρωσας
559 574 634 643 δὲ
678 588 960 660 γυναῖκα
1004 587 1188 667 μυχῷ
1231 579 1566 663 θαλάμοιο
1609 579 1822 663 νέοιο,
2147 597 2213 644 36

229 683 508 768 ἄρρητον
551 681 629 748 δὲ
672 692 935 750 τοκεῦσι
975 686 1142 768 γόον
1196 682 1308 749 καὶ
1349 684 1599 763 πένθος
1642 688 1903 768 ἔθηκας.

224 782 270 871 ἦ
312 786 385 852 κε’
421 806 582 874 σφιν
630 789 907 855 δειλοῖσι
949 792 1116 873 γόου
1160 791 1548 876 κατάπαυμα
1591 795 1940 876 γενοίμην,

227 899 295 957 εἴ
327 917 436 958 κεν
479 894 608 977 ἐγὼ
651 898 945 980 κεφαλήν
988 918 1060 961 τε
1101 888 1257 981 τεὴν
1301 895 1412 962 καὶ
1454 896 1663 984 τεύχε’
1716 898 1968 976 ἐνείκας

228 1001 517 1086 Πανθόφ
565 1000 639 1065 ἐν
681 1003 971 1087 χείρεσσι
1015 1001 1195 1084 βάλω
1239 1001 1352 1067 καὶ
1399 1004 1715 1091 Φρόντιδι
1760 1004 1889 1089 δίῃ.
2145 1019 2214 1069 40

225 1103 362 1170 ἀλλ’
404 1105 482 1170 οὐ
527 1107 658 1189 μάν
702 1109 798 1171 ἔτι
844 1107 1052 1193 δηρὸν
1099 1107 1447 1193 ἀπείρητος
1487 1111 1693 1186 πόνος
1736 1111 1917 1174 ἔσται

228 1209 386 1276 οὐδέ
419 1207 479 1275 τ’
522 1211 860 1297 ἀδήριτος,
904 1214 948 1297 ἢ
989 1209 1049 1277 τ’
1092 1213 1291 1298 ἀλκῆς
1332 1215 1376 1298 ἤ
1418 1236 1489 1280 τε
1533 1215 1838 1299 φόβοιο.“

310 1311 394 1393 ὧς
438 1317 639 1382 εἰπὼν
686 1318 924 1401 οὔτησε
966 1315 1106 1384 κατ’
1149 1318 1395 1384 ἀσπίδα
1439 1319 1721 1384 πάντοσ’
1769 1319 1979 1403 ἐίσην·

224 1419 366 1487 οὐδ’
410 1421 682 1509 ἔρρηξεν
724 1427 989 1509 χαλκός,
1037 1424 1478 1508 ἀνεγνάμφθη
1527 1422 1607 1490 δέ
1645 1425 1718 1491 οἱ
1756 1426 1950 1510 αἰχμὴ

221 1526 438 1593 ἀσπίδ’
481 1532 584 1595 ἔνι
625 1537 924 1616 κρατερῇ.
1011 1529 1049 1596 ὁ
1094 1527 1170 1595 δὲ
1216 1531 1523 1616 δεύτερος
1569 1531 1826 1613 ὤρνυτο
1869 1535 2085 1617 χαλκῷ
2144 1546 2210 1596 45

216 1632 544 1720 Ἀτρεΐδης
585 1635 963 1719 Μενέλαος,
1011 1635 1442 1721 ἐπευξάμενος
1485 1634 1605 1702 Διὶ
1649 1639 1874 1722 πατρί,

220 1740 306 1820 ἀφ
355 1738 415 1806 δ’
460 1740 969 1827 ἀναχαζομένοιο
1015 1744 1178 1807 κατὰ
1221 1742 1573 1827 στομάχοιο
1617 1740 1920 1827 θέμεθλα

216 1842 384 1931 νύξ’,
430 1845 538 1914 ἐπὶ
581 1844 646 1912 δ’
690 1848 888 1924 αὐτὸς
933 1850 1170 1935 ἔρεισε,
1215 1850 1445 1935 βαρείῃ
1491 1847 1662 1934 χειρὶ
1702 1850 2018 1932 πιθήσας·

216 1953 525 2039 ἀντικρὺς
569 1950 630 2018 δ’
676 1952 953 2019 ἁπαλοῖο
1000 1949 1089 2018 δι’
1132 1952 1408 2038 αὐχένος
1449 1950 1650 2037 ἤλυθ’
1696 1952 1931 2036 ἀκωκή.

217 2060 549 2142 δούπησεν
595 2055 670 2125 δὲ
713 2058 962 2141 πεσών,
1009 2057 1298 2144 ἀράβησε
1344 2055 1419 2125 δὲ
1460 2052 1669 2142 τεύχε’
1711 2055 1810 2123 ἐπ’
1854 2058 2057 2145 αὐτῷ·
2144 2074 2211 2123 50

216 2165 446 2249 αἵματί
484 2165 555 2231 ol*
593 2165 870 2230 δεύοντο
914 2166 1113 2248 κόμαι
1153 2166 1529 2249 χαρίτεσσιν
1571 2162 1794 2247 ὁμοῖαι

215 2271 502 2354 πλοχμοί
536 2266 638 2353 θ’,
686 2272 758 2334 οἳ
794 2277 1018 2358 χρυσῷ
1063 2292 1134 2334 τε
1177 2267 1287 2334 καὶ
1331 2268 1597 2356 ἀργύρῳ
1644 2267 2046 2351 ἐσφήκωντο.

220 2366 365 2439 οἶον
410 2371 484 2440 δὲ
527 2372 754 2461 τρέφει
797 2377 991 2459 ἔρνος
1034 2373 1203 2458 ἀνὴρ
1248 2370 1555 2457 ἐριθηλὲς
1600 2370 1819 2455 ἐλαίης

221 2481 408 2569 χώρῳ
454 2480 528 2545 ἐν
572 2483 856 2569 οἰοπόλῳ
868 2528 905 2564 ,,
934 2475 1045 2546 ὅθ’
1086 2480 1230 2557 ἅλις
1275 2478 1723 2565 ἀναβέβρυχεν
1766 2479 1981 2565 ὕδωρ,

221 2582 421 2652 καλὸν
460 2586 817 2670 τηλεθάον·
861 2586 936 2651 τὸ
983 2583 1064 2651 δέ
1099 2607 1169 2652 τε
1213 2583 1441 2651 πνοιαὶ
1486 2584 1839 2652 δονέουσιν
2143 2600 2210 2649 55

221 2696 551 2758 παντοίων
596 2690 882 2776 ἀνέμων,
927 2695 1044 2757 καί
1079 2714 1150 2758 τε
1194 2692 1384 2779 βρύει
1420 2693 1621 2759 ἄνθει·
1660 2698 1897 2781 λευκῷ·

222 2798 437 2865 ἐλθὼν
484 2794 546 2863 δ’
591 2796 895 2881 ἐξαπίνης
938 2798 1178 2881 ἄνεμος
1221 2799 1350 2863 σὺν
1396 2802 1662 2863 λαίλαπι
1704 2802 1913 2880 πολλῇ
1950 2841 1970 2852 ‹

220 2908 479 2990 βόθρου
520 2900 580 2968 τ’
623 2902 961 2988 ἐξέστρεψε
1002 2901 1113 2968 καὶ
1157 2901 1535 2984 ἐξετάνυσσ’
1579 2901 1684 2968 ἐπὶ
1726 2905 1906 2987 γαίῃ·

218 3020 402 3075 τοῖον
446 3010 774 3075 Πανθόου
817 3008 970 3074 υἱὸν
1015 3006 1371 3092 ἐυμμελίην
1408 3005 1783 3091 Ἐύφορβον

131 3177 139 3187 .
213 3114 543 3203 Ἀτρεΐδης
585 3114 930 3192 Μενέλαος
973 3111 1111 3180 ἐπεὶ
1152 3114 1378 3196 κτάνε,
1424 3108 1632 3197 τεύχε’
1675 3111 1893 3177 ἐσύλα.
2144 3129 2211 3179 60

221 3223 306 3301 ὡς
348 3216 414 3288 δ’
456 3223 564 3289 ὅτε
606 3224 706 3299 τίς
747 3243 818 3285 τε
863 3218 1031 3285 λέων
1075 3219 1535 3305 ὀρεσίτροφος,
1582 3216 1727 3283 ἀλκὶ
1772 3219 2131 3311 πεποιθώς,

221 3312 639 3413 βοσκομένης
667 3326 903 3410 ἀγέλης
946 3328 1115 3409 βοῦν
1159 3323 1450 3411 ἁρπάσῃ,
1495 3324 1538 3408 ἥ
1582 3348 1682 3401 τις
1725 3324 1986 3410 ἀρίστη·

218 3443 329 3515 τῆς
373 3429 437 3498 δ’
481 3431 547 3511 ἐξ
592 3429 814 3517 αὐχέν’
857 3431 1001 3510 ἔαξε
1046 3431 1269 3514 λαβὼν
1311 3441 1727 3517 κρατεροῖσιν
1772 3429 2046 3493 ὀδοῦσιν

219 3549 509 3629 πρῶτον,
548 3540 766 3603 ἔπειτα
804 3535 884 3601 δέ
914 3533 986 3600 θ’
1032 3527 1189 3619 αἷμα
1224 3533 1335 3599 καὶ
1372 3537 1606 3615 ἔγκατα
1642 3532 1853 3595 πάντα
1891 3529 2212 3608 λαφύσσει

462 3638 468 3644 .
1830 3636 1857 3682 7
1871 3628 1902 3660 t
2216 3624 2223 3629 .
