<?xml version="1.0" encoding="UTF-8"?>
<!DOCTYPE html PUBLIC "-//W3C//DTD XHTML 1.0 Transitional//EN"
    "http://www.w3.org/TR/xhtml1/DTD/xhtml1-transitional.dtd">
<html xmlns="http://www.w3.org/1999/xhtml" xml:lang="en" lang="en">
 <head>
  <title>
</title>
<meta http-equiv="Content-Type" content="text/html;charset=utf-8" />
  <meta name='ocr-system' content='tesseract 3.04.00' />
  <meta name='ocr-capabilities' content='ocr_page ocr_carea ocr_par ocr_line ocrx_word'/>
</head>
<body>
  <div class='ocr_page' id='page_1' title='image "./homeriilias00wolfgoog_0056.png"; bbox 0 0 2525 3884; ppageno 0'>
   <div class='ocr_carea' id='block_1_1' title="bbox 309 166 1523 237">
    <p class='ocr_par' dir='ltr' id='par_1_1' title="bbox 309 166 1523 237">
     <span class='ocr_line' id='line_1_1' title="bbox 309 166 1523 237; baseline -0.012 1"><span class='ocrx_word' id='word_1_1' title='bbox 309 173 399 237; x_wconf 83' lang='lat'><strong><em>44</em></strong></span> <span class='ocrx_word' id='word_1_2' title='bbox 1118 171 1421 224; x_wconf 73' lang='grc' dir='ltr'><strong><em>ΙΛΙΑΔοΣ</em></strong></span> <span class='ocrx_word' id='word_1_3' title='bbox 1459 166 1523 229; x_wconf 76' lang='grc' dir='ltr'><strong><em>Ξ.</em></strong></span> 
     </span>
    </p>
   </div>
   <div class='ocr_carea' id='block_1_2' title="bbox 309 313 2338 1668">
    <p class='ocr_par' dir='ltr' id='par_1_2' title="bbox 315 313 1897 403">
     <span class='ocr_line' id='line_1_2' title="bbox 315 313 1897 403; baseline -0.003 -21"><span class='ocrx_word' id='word_1_4' title='bbox 315 318 487 400; x_wconf 82' lang='grc' dir='ltr'><strong><em>ἔγχει</em></strong></span> <span class='ocrx_word' id='word_1_5' title='bbox 532 313 686 403; x_wconf 75' lang='grc' dir='ltr'><strong><em>ἐμῷ,</em></strong></span> <span class='ocrx_word' id='word_1_6' title='bbox 732 314 843 380; x_wconf 79' lang='grc' dir='ltr'><strong><em>ἵνα</em></strong></span> <span class='ocrx_word' id='word_1_7' title='bbox 889 317 977 398; x_wconf 87' lang='grc' dir='ltr'><strong><em>μή</em></strong></span> <span class='ocrx_word' id='word_1_8' title='bbox 1021 337 1085 378; x_wconf 91' lang='grc' dir='ltr'><strong><em>τι</em></strong></span> <span class='ocrx_word' id='word_1_9' title='bbox 1127 315 1554 398; x_wconf 89' lang='grc' dir='ltr'><strong><em>κασιγνήτοιό</em></strong></span> <span class='ocrx_word' id='word_1_10' title='bbox 1588 335 1665 396; x_wconf 90' lang='grc' dir='ltr'><strong><em>γε</em></strong></span> <span class='ocrx_word' id='word_1_11' title='bbox 1700 313 1897 396; x_wconf 84' lang='grc' dir='ltr'><strong><em>ποινὴ</em></strong></span> 
     </span>
    </p>

    <p class='ocr_par' dir='ltr' id='par_1_3' title="bbox 316 417 2002 507">
     <span class='ocr_line' id='line_1_3' title="bbox 316 417 2002 507; baseline -0.001 -23"><span class='ocrx_word' id='word_1_12' title='bbox 316 420 525 505; x_wconf 90' lang='grc' dir='ltr'><strong><em>δηρὸν</em></strong></span> <span class='ocrx_word' id='word_1_13' title='bbox 569 420 787 497; x_wconf 74' lang='grc' dir='ltr'><strong><em>ἄτιτος</em></strong></span> <span class='ocrx_word' id='word_1_14' title='bbox 832 422 924 505; x_wconf 80' lang='grc' dir='ltr'><strong><em>ἔῃ.</em></strong></span> <span class='ocrx_word' id='word_1_15' title='bbox 977 427 1068 507; x_wconf 74' lang='grc' dir='ltr'><strong><em>τῷ</em></strong></span> <span class='ocrx_word' id='word_1_16' title='bbox 1113 423 1230 484; x_wconf 91' lang='grc' dir='ltr'><strong><em>καί</em></strong></span> <span class='ocrx_word' id='word_1_17' title='bbox 1268 417 1346 484; x_wconf 91' lang='grc' dir='ltr'><strong><em>κέ</em></strong></span> <span class='ocrx_word' id='word_1_18' title='bbox 1385 441 1485 495; x_wconf 88' lang='grc' dir='ltr'><strong><em>τις</em></strong></span> <span class='ocrx_word' id='word_1_19' title='bbox 1530 418 1788 503; x_wconf 79' lang='grc' dir='ltr'><strong><em>εὔχεται</em></strong></span> <span class='ocrx_word' id='word_1_20' title='bbox 1834 417 2002 503; x_wconf 83' lang='grc' dir='ltr'><strong><em>ἀνὴρ</em></strong></span> 
     </span>
    </p>

    <p class='ocr_par' dir='ltr' id='par_1_4' title="bbox 314 522 2338 717">
     <span class='ocr_line' id='line_1_4' title="bbox 314 522 2338 610; baseline -0.002 -19"><span class='ocrx_word' id='word_1_21' title='bbox 314 527 572 610; x_wconf 88' lang='grc' dir='ltr'><strong><em>γνωτὸν</em></strong></span> <span class='ocrx_word' id='word_1_22' title='bbox 618 523 719 591; x_wconf 82' lang='grc' dir='ltr'><strong><em>ἐνὶ</em></strong></span> <span class='ocrx_word' id='word_1_23' title='bbox 764 525 1150 610; x_wconf 80' lang='grc' dir='ltr'><em>μεγάροισιν</em></span> <span class='ocrx_word' id='word_1_24' title='bbox 1196 525 1360 609; x_wconf 84' lang='grc' dir='ltr'><strong><em>ἀρῆς</em></strong></span> <span class='ocrx_word' id='word_1_25' title='bbox 1405 524 1691 610; x_wconf 80' lang='grc' dir='ltr'><strong><em>ἀλκτῆρα</em></strong></span> <span class='ocrx_word' id='word_1_26' title='bbox 1735 522 2112 589; x_wconf 82' lang='grc' dir='ltr'><strong><em>λιπέσθαι.“</em></strong></span> <span class='ocrx_word' id='word_1_27' title='bbox 2217 540 2338 591; x_wconf 80' lang='lat'><strong><em>485</em></strong></span> 
     </span>
     <span class='ocr_line' id='line_1_5' title="bbox 404 627 2179 717; baseline -0.002 -20"><span class='ocrx_word' id='word_1_28' title='bbox 404 627 493 708; x_wconf 80' lang='grc' dir='ltr'><strong><em>ὧς</em></strong></span> <span class='ocrx_word' id='word_1_29' title='bbox 538 628 750 716; x_wconf 83' lang='grc' dir='ltr'><strong><em>ἔφατ’,</em></strong></span> <span class='ocrx_word' id='word_1_30' title='bbox 790 629 1143 717; x_wconf 88' lang='grc' dir='ltr'><strong><em>Ἀργείοισι</em></strong></span> <span class='ocrx_word' id='word_1_31' title='bbox 1190 629 1251 696; x_wconf 86' lang='grc' dir='ltr'><strong><em>δ’</em></strong></span> <span class='ocrx_word' id='word_1_32' title='bbox 1304 632 1465 715; x_wconf 78' lang='grc' dir='ltr'><strong><em>ἄχος</em></strong></span> <span class='ocrx_word' id='word_1_33' title='bbox 1504 627 1716 714; x_wconf 90' lang='grc' dir='ltr'><strong><em>γένετ’</em></strong></span> <span class='ocrx_word' id='word_1_34' title='bbox 1768 627 2179 714; x_wconf 79' lang='grc' dir='ltr'><strong><em>εὐξαμένοιο·</em></strong></span> 
     </span>
    </p>

    <p class='ocr_par' dir='ltr' id='par_1_5' title="bbox 317 734 2007 824">
     <span class='ocr_line' id='line_1_6' title="bbox 317 734 2007 824; baseline -0.001 -22"><span class='ocrx_word' id='word_1_35' title='bbox 317 736 634 824; x_wconf 75' lang='grc' dir='ltr'><strong><em>Πηνέλεω</em></strong></span> <span class='ocrx_word' id='word_1_36' title='bbox 682 734 757 802; x_wconf 72' lang='grc' dir='ltr'><strong><em>δὲ</em></strong></span> <span class='ocrx_word' id='word_1_37' title='bbox 801 739 1081 822; x_wconf 90' lang='grc' dir='ltr'><strong><em>μάλιστα</em></strong></span> <span class='ocrx_word' id='word_1_38' title='bbox 1128 738 1446 823; x_wconf 81' lang='grc' dir='ltr'><strong><em>δαΐφρονι</em></strong></span> <span class='ocrx_word' id='word_1_39' title='bbox 1489 737 1717 821; x_wconf 87' lang='grc' dir='ltr'><strong><em>θυμὸν</em></strong></span> <span class='ocrx_word' id='word_1_40' title='bbox 1754 738 2007 822; x_wconf 77' lang='grc' dir='ltr'><strong><em>ὄρινεν·</em></strong></span> 
     </span>
    </p>

    <p class='ocr_par' dir='ltr' id='par_1_6' title="bbox 317 837 2208 929">
     <span class='ocr_line' id='line_1_7' title="bbox 317 837 2208 929; baseline -0.001 -21"><span class='ocrx_word' id='word_1_41' title='bbox 317 844 598 929; x_wconf 79' lang='grc' dir='ltr'><strong><em>ὡρμήθη</em></strong></span> <span class='ocrx_word' id='word_1_42' title='bbox 645 840 706 908; x_wconf 86' lang='grc' dir='ltr'><strong><em>δ’</em></strong></span> <span class='ocrx_word' id='word_1_43' title='bbox 754 837 1178 927; x_wconf 77' lang='grc' dir='ltr'><strong><em>Ἀκάμαντος·</em></strong></span> <span class='ocrx_word' id='word_1_44' title='bbox 1226 842 1263 908; x_wconf 83' lang='grc' dir='ltr'>ὁ</span> <span class='ocrx_word' id='word_1_45' title='bbox 1313 838 1375 907; x_wconf 85' lang='grc' dir='ltr'><strong><em>δ’</em></strong></span> <span class='ocrx_word' id='word_1_46' title='bbox 1429 842 1551 927; x_wconf 86' lang='grc' dir='ltr'><strong><em>οὐχ</em></strong></span> <span class='ocrx_word' id='word_1_47' title='bbox 1595 840 1947 927; x_wconf 76' lang='grc' dir='ltr'><strong><em>ὑπέμεινεν</em></strong></span> <span class='ocrx_word' id='word_1_48' title='bbox 1993 839 2208 927; x_wconf 77' lang='grc' dir='ltr'><strong><em>ἐρωὴν</em></strong></span> 
     </span>
    </p>

    <p class='ocr_par' dir='ltr' id='par_1_7' title="bbox 315 943 1888 1033">
     <span class='ocr_line' id='line_1_8' title="bbox 315 943 1888 1033; baseline -0.001 -19"><span class='ocrx_word' id='word_1_49' title='bbox 315 946 675 1033; x_wconf 80' lang='grc' dir='ltr'><strong><em>Πηνελέωο</em></strong></span> <span class='ocrx_word' id='word_1_50' title='bbox 722 950 1031 1025; x_wconf 76' lang='grc' dir='ltr'><strong><em>ἄνακτος·</em></strong></span> <span class='ocrx_word' id='word_1_51' title='bbox 1078 948 1115 1014; x_wconf 89' lang='grc' dir='ltr'>ὁ</span> <span class='ocrx_word' id='word_1_52' title='bbox 1163 943 1224 1013; x_wconf 86' lang='grc' dir='ltr'><strong><em>δ’</em></strong></span> <span class='ocrx_word' id='word_1_53' title='bbox 1278 947 1559 1013; x_wconf 81' lang='grc' dir='ltr'><strong><em>οὔτασεν</em></strong></span> <span class='ocrx_word' id='word_1_54' title='bbox 1597 946 1888 1032; x_wconf 81' lang='grc' dir='ltr'><strong><em>Ἰλιονῆα</em></strong></span> 
     </span>
    </p>

    <p class='ocr_par' dir='ltr' id='par_1_8' title="bbox 314 1052 2333 1139">
     <span class='ocr_line' id='line_1_9' title="bbox 314 1052 2333 1139; baseline -0 -19"><span class='ocrx_word' id='word_1_55' title='bbox 314 1056 467 1120; x_wconf 75' lang='grc' dir='ltr'><strong><em>υἱὸν</em></strong></span> <span class='ocrx_word' id='word_1_56' title='bbox 517 1056 903 1138; x_wconf 75' lang='grc' dir='ltr'><strong><em>Φόρβαντος</em></strong></span> <span class='ocrx_word' id='word_1_57' title='bbox 945 1057 1357 1139; x_wconf 83' lang='grc' dir='ltr'><strong><em>πολυμήλου,</em></strong></span> <span class='ocrx_word' id='word_1_58' title='bbox 1402 1056 1522 1119; x_wconf 91' lang='grc' dir='ltr'><strong><em>τόν</em></strong></span> <span class='ocrx_word' id='word_1_59' title='bbox 1568 1052 1654 1139; x_wconf 78' lang='grc' dir='ltr'><strong><em>ῥα</em></strong></span> <span class='ocrx_word' id='word_1_60' title='bbox 1699 1054 1978 1138; x_wconf 91' lang='grc' dir='ltr'><strong><em>μάλιστα</em></strong></span> <span class='ocrx_word' id='word_1_61' title='bbox 2219 1070 2333 1119; x_wconf 74' lang='lat'><strong><em>490</em></strong></span> 
     </span>
    </p>

    <p class='ocr_par' dir='ltr' id='par_1_9' title="bbox 309 1157 1962 1245">
     <span class='ocr_line' id='line_1_10' title="bbox 309 1157 1962 1245; baseline 0 -20"><span class='ocrx_word' id='word_1_62' title='bbox 309 1158 633 1245; x_wconf 89' lang='grc' dir='ltr'><strong><em>Ἑρμείας</em></strong></span> <span class='ocrx_word' id='word_1_63' title='bbox 661 1161 909 1245; x_wconf 83' lang='grc' dir='ltr'><strong><em>Τρώων</em></strong></span> <span class='ocrx_word' id='word_1_64' title='bbox 954 1159 1168 1245; x_wconf 80' lang='grc' dir='ltr'><strong><em>ἐφίλει</em></strong></span> <span class='ocrx_word' id='word_1_65' title='bbox 1211 1157 1324 1225; x_wconf 84' lang='grc' dir='ltr'><strong><em>καὶ</em></strong></span> <span class='ocrx_word' id='word_1_66' title='bbox 1369 1168 1599 1244; x_wconf 81' lang='grc' dir='ltr'><strong><em>κτῆσιν</em></strong></span> <span class='ocrx_word' id='word_1_67' title='bbox 1644 1161 1962 1225; x_wconf 77' lang='grc' dir='ltr'><strong><em>ὄπασσεν·</em></strong></span> 
     </span>
    </p>

    <p class='ocr_par' dir='ltr' id='par_1_10' title="bbox 316 1260 2006 1358">
     <span class='ocr_line' id='line_1_11' title="bbox 316 1260 2006 1358; baseline -0.001 -26"><span class='ocrx_word' id='word_1_68' title='bbox 316 1275 406 1356; x_wconf 72' lang='grc' dir='ltr'><strong><em>τῷ</em></strong></span> <span class='ocrx_word' id='word_1_69' title='bbox 456 1266 526 1331; x_wconf 85' lang='grc' dir='ltr'><strong><em>δ’</em></strong></span> <span class='ocrx_word' id='word_1_70' title='bbox 574 1263 678 1358; x_wconf 71' lang='grc' dir='ltr'><strong><em>ἄρ’</em></strong></span> <span class='ocrx_word' id='word_1_71' title='bbox 731 1267 859 1331; x_wconf 86' lang='grc' dir='ltr'><strong><em>ὑπὸ</em></strong></span> <span class='ocrx_word' id='word_1_72' title='bbox 906 1268 1117 1351; x_wconf 83' lang='grc' dir='ltr'><strong><em>μήτηρ</em></strong></span> <span class='ocrx_word' id='word_1_73' title='bbox 1165 1273 1422 1350; x_wconf 86' lang='grc' dir='ltr'><strong><em>μοῦνον</em></strong></span> <span class='ocrx_word' id='word_1_74' title='bbox 1466 1263 1655 1330; x_wconf 83' lang='grc' dir='ltr'><strong><em>τέκεν</em></strong></span> <span class='ocrx_word' id='word_1_75' title='bbox 1695 1260 2006 1349; x_wconf 84' lang='grc' dir='ltr'><strong><em>Ἰλιονῆα·</em></strong></span> 
     </span>
    </p>

    <p class='ocr_par' dir='ltr' id='par_1_11' title="bbox 316 1362 2302 1458">
     <span class='ocr_line' id='line_1_12' title="bbox 316 1362 2302 1458; baseline -0.001 -20"><span class='ocrx_word' id='word_1_76' title='bbox 316 1375 435 1439; x_wconf 87' lang='grc' dir='ltr'><strong><em>τὸν</em></strong></span> <span class='ocrx_word' id='word_1_77' title='bbox 477 1370 629 1439; x_wconf 90' lang='grc' dir='ltr'><strong><em>τόθ’</em></strong></span> <span class='ocrx_word' id='word_1_78' title='bbox 681 1369 794 1438; x_wconf 82' lang='grc' dir='ltr'><strong><em>ὑπ’</em></strong></span> <span class='ocrx_word' id='word_1_79' title='bbox 848 1373 1103 1458; x_wconf 79' lang='grc' dir='ltr'><strong><em>ὀφρύος</em></strong></span> <span class='ocrx_word' id='word_1_80' title='bbox 1148 1366 1312 1437; x_wconf 84' lang='grc' dir='ltr'><strong><em>οὖτα</em></strong></span> <span class='ocrx_word' id='word_1_81' title='bbox 1354 1367 1495 1436; x_wconf 90' lang='grc' dir='ltr'><strong><em>κατ’</em></strong></span> <span class='ocrx_word' id='word_1_82' title='bbox 1541 1362 1930 1456; x_wconf 77' lang='grc' dir='ltr'><strong><em>ὀφθαλμοῖο</em></strong></span> <span class='ocrx_word' id='word_1_83' title='bbox 1972 1369 2302 1456; x_wconf 80' lang='grc' dir='ltr'><strong><em>θέμεθλα,</em></strong></span> 
     </span>
    </p>

    <p class='ocr_par' dir='ltr' id='par_1_12' title="bbox 318 1473 2046 1562">
     <span class='ocr_line' id='line_1_13' title="bbox 318 1473 2046 1562; baseline -0.002 -17"><span class='ocrx_word' id='word_1_84' title='bbox 318 1480 390 1545; x_wconf 81' lang='grc' dir='ltr'><strong><em>ἐκ</em></strong></span> <span class='ocrx_word' id='word_1_85' title='bbox 436 1474 499 1544; x_wconf 83' lang='grc' dir='ltr'><strong><em>δ’</em></strong></span> <span class='ocrx_word' id='word_1_86' title='bbox 550 1475 677 1544; x_wconf 85' lang='grc' dir='ltr'><strong><em>ὦσε</em></strong></span> <span class='ocrx_word' id='word_1_87' title='bbox 721 1481 1000 1562; x_wconf 90' lang='grc' dir='ltr'><strong><em>γλήνην·</em></strong></span> <span class='ocrx_word' id='word_1_88' title='bbox 1047 1478 1214 1562; x_wconf 89' lang='grc' dir='ltr'><strong><em>δόρυ</em></strong></span> <span class='ocrx_word' id='word_1_89' title='bbox 1262 1473 1323 1543; x_wconf 91' lang='grc' dir='ltr'><strong><em>δ’</em></strong></span> <span class='ocrx_word' id='word_1_90' title='bbox 1379 1477 1761 1562; x_wconf 81' lang='grc' dir='ltr'><strong><em>ὀφθαλμοῖο</em></strong></span> <span class='ocrx_word' id='word_1_91' title='bbox 1808 1478 2046 1561; x_wconf 89' lang='grc' dir='ltr'><strong><em>διαπρὸ</em></strong></span> 
     </span>
    </p>

    <p class='ocr_par' dir='ltr' id='par_1_13' title="bbox 322 1577 2329 1668">
     <span class='ocr_line' id='line_1_14' title="bbox 322 1577 2329 1668; baseline -0.001 -17"><span class='ocrx_word' id='word_1_92' title='bbox 322 1583 432 1651; x_wconf 84' lang='grc' dir='ltr'><strong><em>καὶ</em></strong></span> <span class='ocrx_word' id='word_1_93' title='bbox 479 1587 591 1651; x_wconf 80' lang='grc' dir='ltr'><strong><em>διὰ</em></strong></span> <span class='ocrx_word' id='word_1_94' title='bbox 638 1586 819 1650; x_wconf 80' lang='grc' dir='ltr'><strong><em>ἰνίου</em></strong></span> <span class='ocrx_word' id='word_1_95' title='bbox 861 1579 1094 1667; x_wconf 81' lang='grc' dir='ltr'><strong><em>ἦλθεν,</em></strong></span> <span class='ocrx_word' id='word_1_96' title='bbox 1141 1583 1178 1649; x_wconf 88' lang='grc' dir='ltr'>ὁ</span> <span class='ocrx_word' id='word_1_97' title='bbox 1228 1577 1290 1648; x_wconf 87' lang='grc' dir='ltr'><strong><em>δ’</em></strong></span> <span class='ocrx_word' id='word_1_98' title='bbox 1341 1582 1515 1661; x_wconf 78' lang='grc' dir='ltr'><strong><em>ἕζετο</em></strong></span> <span class='ocrx_word' id='word_1_99' title='bbox 1560 1593 1737 1668; x_wconf 81' lang='grc' dir='ltr'><strong><em>χεῖρε</em></strong></span> <span class='ocrx_word' id='word_1_100' title='bbox 1780 1583 2105 1660; x_wconf 77' lang='grc' dir='ltr'><strong><em>πετάσσας</em></strong></span> <span class='ocrx_word' id='word_1_101' title='bbox 2221 1600 2329 1648; x_wconf 83' lang='grc'><strong><em>495</em></strong></span> 
     </span>
    </p>
   </div>
   <div class='ocr_carea' id='block_1_3' title="bbox 180 1682 1973 1777">
    <p class='ocr_par' dir='ltr' id='par_1_14' title="bbox 180 1682 1973 1777">
     <span class='ocr_line' id='line_1_15' title="bbox 180 1682 1973 1777; baseline -0.002 -21"><span class='ocrx_word' id='word_1_102' title='bbox 180 1684 183 1687; x_wconf 50' lang='grc'><strong><em>’</em></strong></span> <span class='ocrx_word' id='word_1_103' title='bbox 244 1682 250 1690; x_wconf 68' lang='grc'><strong><em>’</em></strong></span> <span class='ocrx_word' id='word_1_104' title='bbox 318 1692 537 1777; x_wconf 71' lang='grc' dir='ltr'><strong><em>ἄμφω.</em></strong></span> <span class='ocrx_word' id='word_1_105' title='bbox 607 1688 962 1772; x_wconf 81' lang='grc' dir='ltr'><strong><em>Πηνέλεως</em></strong></span> <span class='ocrx_word' id='word_1_106' title='bbox 1008 1685 1082 1753; x_wconf 75' lang='grc' dir='ltr'><strong><em>δὲ</em></strong></span> <span class='ocrx_word' id='word_1_107' title='bbox 1128 1688 1576 1774; x_wconf 78' lang='grc' dir='ltr'><strong><em>ἐρυσσάμενος</em></strong></span> <span class='ocrx_word' id='word_1_108' title='bbox 1619 1688 1811 1774; x_wconf 82' lang='grc' dir='ltr'><strong><em>ξίφος</em></strong></span> <span class='ocrx_word' id='word_1_109' title='bbox 1855 1687 1973 1767; x_wconf 82' lang='grc' dir='ltr'><strong><em>ὀξὺ</em></strong></span> 
     </span>
    </p>
   </div>
   <div class='ocr_carea' id='block_1_4' title="bbox 11 2821 14 3410">
    <p class='ocr_par' dir='ltr' id='par_1_15' title="bbox 11 2821 14 3410">
     <span class='ocr_line' id='line_1_16' title="bbox 11 2821 14 3410; baseline 0 0"><span class='ocrx_word' id='word_1_110' title='bbox 11 2821 14 3410; x_wconf 95' lang='lat' dir='ltr'><strong><em> </em></strong></span> 
     </span>
    </p>
   </div>
   <div class='ocr_carea' id='block_1_5' title="bbox 317 1791 2327 3590">
    <p class='ocr_par' dir='ltr' id='par_1_16' title="bbox 318 1791 1989 1883">
     <span class='ocr_line' id='line_1_17' title="bbox 318 1791 1989 1883; baseline -0.002 -20"><span class='ocrx_word' id='word_1_111' title='bbox 318 1795 566 1883; x_wconf 83' lang='grc' dir='ltr'><strong><em>αὐχένα</em></strong></span> <span class='ocrx_word' id='word_1_112' title='bbox 610 1793 859 1880; x_wconf 87' lang='grc' dir='ltr'><strong><em>μέσσον</em></strong></span> <span class='ocrx_word' id='word_1_113' title='bbox 906 1797 1205 1877; x_wconf 80' lang='grc' dir='ltr'><strong><em>ἔλασσεν,</em></strong></span> <span class='ocrx_word' id='word_1_114' title='bbox 1235 1792 1585 1879; x_wconf 73' lang='grc' dir='ltr'><strong><em>ἀπήραξεν</em></strong></span> <span class='ocrx_word' id='word_1_115' title='bbox 1633 1791 1708 1860; x_wconf 75' lang='grc' dir='ltr'><strong><em>δὲ</em></strong></span> <span class='ocrx_word' id='word_1_116' title='bbox 1752 1797 1989 1879; x_wconf 79' lang='grc' dir='ltr'><strong><em>χαμᾶζε</em></strong></span> 
     </span>
    </p>

    <p class='ocr_par' dir='ltr' id='par_1_17' title="bbox 318 1897 1993 1989">
     <span class='ocr_line' id='line_1_18' title="bbox 318 1897 1993 1989; baseline -0.002 -19"><span class='ocrx_word' id='word_1_117' title='bbox 318 1901 484 1989; x_wconf 75' lang='grc' dir='ltr'><strong><em>αὐτῇ</em></strong></span> <span class='ocrx_word' id='word_1_118' title='bbox 522 1905 648 1968; x_wconf 86' lang='grc' dir='ltr'><strong><em>σὺν</em></strong></span> <span class='ocrx_word' id='word_1_119' title='bbox 691 1904 932 1986; x_wconf 88' lang='grc' dir='ltr'><strong><em>πήληκι</em></strong></span> <span class='ocrx_word' id='word_1_120' title='bbox 974 1900 1168 1985; x_wconf 84' lang='grc' dir='ltr'><strong><em>κάρη·</em></strong></span> <span class='ocrx_word' id='word_1_121' title='bbox 1217 1902 1312 1965; x_wconf 86' lang='grc' dir='ltr'><strong><em>ἔτι</em></strong></span> <span class='ocrx_word' id='word_1_122' title='bbox 1358 1897 1423 1964; x_wconf 91' lang='grc' dir='ltr'><strong><em>δ’</em></strong></span> <span class='ocrx_word' id='word_1_123' title='bbox 1478 1902 1759 1986; x_wconf 81' lang='grc' dir='ltr'><strong><em>ὄβριμον</em></strong></span> <span class='ocrx_word' id='word_1_124' title='bbox 1804 1902 1993 1985; x_wconf 82' lang='grc' dir='ltr'><strong><em>ἔγχος</em></strong></span> 
     </span>
    </p>

    <p class='ocr_par' dir='ltr' id='par_1_18' title="bbox 317 2003 1994 2096">
     <span class='ocr_line' id='line_1_19' title="bbox 317 2003 1994 2096; baseline -0.003 -20"><span class='ocrx_word' id='word_1_125' title='bbox 317 2003 438 2094; x_wconf 75' lang='grc' dir='ltr'><strong><em>’ἦεν</em></strong></span> <span class='ocrx_word' id='word_1_126' title='bbox 484 2008 556 2075; x_wconf 82' lang='grc' dir='ltr'><strong><em>ἐν</em></strong></span> <span class='ocrx_word' id='word_1_127' title='bbox 603 2009 962 2096; x_wconf 78' lang='grc' dir='ltr'><strong><em>ὀφθαλμῷ·</em></strong></span> <span class='ocrx_word' id='word_1_128' title='bbox 1007 2005 1046 2071; x_wconf 83' lang='grc' dir='ltr'>ὁ</span> <span class='ocrx_word' id='word_1_129' title='bbox 1095 2003 1169 2071; x_wconf 76' lang='grc' dir='ltr'><strong><em>δὲ</em></strong></span> <span class='ocrx_word' id='word_1_130' title='bbox 1214 2007 1309 2091; x_wconf 84' lang='grc' dir='ltr'><strong><em>φὴ</em></strong></span> <span class='ocrx_word' id='word_1_131' title='bbox 1355 2006 1640 2071; x_wconf 79' lang='grc' dir='ltr'><strong><em>κώδειαν</em></strong></span> <span class='ocrx_word' id='word_1_132' title='bbox 1687 2006 1994 2090; x_wconf 82' lang='grc' dir='ltr'><strong><em>ἀνασχὼν</em></strong></span> 
     </span>
    </p>

    <p class='ocr_par' dir='ltr' id='par_1_19' title="bbox 319 2109 2326 2201">
     <span class='ocr_line' id='line_1_20' title="bbox 319 2109 2326 2201; baseline 0 -21"><span class='ocrx_word' id='word_1_133' title='bbox 319 2112 625 2201; x_wconf 78' lang='grc' dir='ltr'><strong><em>πέφραδέ</em></strong></span> <span class='ocrx_word' id='word_1_134' title='bbox 665 2137 735 2180; x_wconf 90' lang='grc' dir='ltr'><strong><em>τε</em></strong></span> <span class='ocrx_word' id='word_1_135' title='bbox 787 2113 1084 2199; x_wconf 81' lang='grc' dir='ltr'><strong><em>Τρώεσσι</em></strong></span> <span class='ocrx_word' id='word_1_136' title='bbox 1128 2109 1240 2177; x_wconf 84' lang='grc' dir='ltr'><strong><em>καὶ</em></strong></span> <span class='ocrx_word' id='word_1_137' title='bbox 1288 2110 1643 2196; x_wconf 89' lang='grc' dir='ltr'><strong><em>εὐχόμενος</em></strong></span> <span class='ocrx_word' id='word_1_138' title='bbox 1687 2114 1841 2188; x_wconf 79' lang='grc' dir='ltr'><strong><em>ἔπος</em></strong></span> <span class='ocrx_word' id='word_1_139' title='bbox 1885 2113 2086 2196; x_wconf 76' lang='grc' dir='ltr'><strong><em>ηὔδα·</em></strong></span> <span class='ocrx_word' id='word_1_140' title='bbox 2222 2130 2326 2180; x_wconf 82' lang='grc'><strong><em>500</em></strong></span> 
     </span>
    </p>

    <p class='ocr_par' dir='ltr' id='par_1_20' title="bbox 319 2213 1835 2306">
     <span class='ocr_line' id='line_1_21' title="bbox 319 2213 1835 2306; baseline -0.003 -19"><span class='ocrx_word' id='word_1_141' title='bbox 319 2220 706 2306; x_wconf 86' lang='grc' dir='ltr'><strong><em>,,είπέμεναί</em></strong></span> <span class='ocrx_word' id='word_1_142' title='bbox 745 2243 880 2305; x_wconf 90' lang='grc' dir='ltr'><strong><em>μοι,</em></strong></span> <span class='ocrx_word' id='word_1_143' title='bbox 933 2224 1174 2305; x_wconf 77' lang='grc' dir='ltr'><strong><em>Τρῶες,</em></strong></span> <span class='ocrx_word' id='word_1_144' title='bbox 1221 2218 1479 2301; x_wconf 83' lang='grc' dir='ltr'><strong><em>ἀγαυοῦ</em></strong></span> <span class='ocrx_word' id='word_1_145' title='bbox 1516 2213 1835 2301; x_wconf 81' lang='grc' dir='ltr'><strong><em>Ἰλιονῆος</em></strong></span> 
     </span>
    </p>

    <p class='ocr_par' dir='ltr' id='par_1_21' title="bbox 318 2323 2154 2415">
     <span class='ocr_line' id='line_1_22' title="bbox 318 2323 2154 2415; baseline -0.002 -23"><span class='ocrx_word' id='word_1_146' title='bbox 318 2324 517 2413; x_wconf 80' lang='grc' dir='ltr'><strong><em>πατρὶ</em></strong></span> <span class='ocrx_word' id='word_1_147' title='bbox 562 2330 735 2415; x_wconf 75' lang='grc' dir='ltr'><strong><em>φίλω</em></strong></span> <span class='ocrx_word' id='word_1_148' title='bbox 781 2323 890 2390; x_wconf 85' lang='grc' dir='ltr'><strong><em>καὶ</em></strong></span> <span class='ocrx_word' id='word_1_149' title='bbox 935 2323 1132 2411; x_wconf 85' lang='grc' dir='ltr'><strong><em>μητρὶ</em></strong></span> <span class='ocrx_word' id='word_1_150' title='bbox 1178 2326 1500 2408; x_wconf 90' lang='grc' dir='ltr'><strong><em>γοήμεναι</em></strong></span> <span class='ocrx_word' id='word_1_151' title='bbox 1546 2323 1619 2389; x_wconf 79' lang='grc' dir='ltr'><strong><em>ἐν</em></strong></span> <span class='ocrx_word' id='word_1_152' title='bbox 1664 2323 2079 2409; x_wconf 88' lang='grc' dir='ltr'><strong><em>μεγάροισιν·</em></strong></span> <span class='ocrx_word' id='word_1_153' title='bbox 2151 2345 2154 2348; x_wconf 72' lang='grc'>’</span> 
     </span>
    </p>

    <p class='ocr_par' dir='ltr' id='par_1_22' title="bbox 323 2426 1984 2517">
     <span class='ocr_line' id='line_1_23' title="bbox 323 2426 1984 2517; baseline -0.002 -18"><span class='ocrx_word' id='word_1_154' title='bbox 323 2430 482 2499; x_wconf 76' lang='grc' dir='ltr'><strong><em>οὐδὲ</em></strong></span> <span class='ocrx_word' id='word_1_155' title='bbox 526 2433 651 2517; x_wconf 76' lang='grc' dir='ltr'><strong><em>γὰρ</em></strong></span> <span class='ocrx_word' id='word_1_156' title='bbox 694 2431 737 2514; x_wconf 87' lang='grc' dir='ltr'>ἡ</span> <span class='ocrx_word' id='word_1_157' title='bbox 784 2431 1168 2517; x_wconf 90' lang='grc' dir='ltr'><strong><em>Προμάχοιο</em></strong></span> <span class='ocrx_word' id='word_1_158' title='bbox 1218 2431 1434 2516; x_wconf 90' lang='grc' dir='ltr'><strong><em>δάμαρ</em></strong></span> <span class='ocrx_word' id='word_1_159' title='bbox 1474 2426 1984 2515; x_wconf 79' lang='grc' dir='ltr'><strong><em>Ἀλεγηνορίδαο</em></strong></span> 
     </span>
    </p>

    <p class='ocr_par' dir='ltr' id='par_1_23' title="bbox 322 2534 2202 2625">
     <span class='ocr_line' id='line_1_24' title="bbox 322 2534 2202 2625; baseline -0.002 -21"><span class='ocrx_word' id='word_1_160' title='bbox 322 2535 518 2622; x_wconf 82' lang='grc' dir='ltr'><strong><em>ἀνδρὶ</em></strong></span> <span class='ocrx_word' id='word_1_161' title='bbox 565 2540 738 2625; x_wconf 76' lang='grc' dir='ltr'><strong><em>φίλω</em></strong></span> <span class='ocrx_word' id='word_1_162' title='bbox 787 2535 1054 2601; x_wconf 84' lang='grc' dir='ltr'><strong><em>ἐλθόντι</em></strong></span> <span class='ocrx_word' id='word_1_163' title='bbox 1096 2536 1523 2620; x_wconf 84' lang='grc' dir='ltr'><strong><em>γανύσσεται,</em></strong></span> <span class='ocrx_word' id='word_1_164' title='bbox 1569 2534 1811 2600; x_wconf 87' lang='grc' dir='ltr'><strong><em>ὁππότε</em></strong></span> <span class='ocrx_word' id='word_1_165' title='bbox 1854 2558 2000 2607; x_wconf 79' lang='grc' dir='ltr'><strong><em>κεν,</em></strong></span> <span class='ocrx_word' id='word_1_166' title='bbox 2017 2536 2099 2619; x_wconf 85' lang='grc' dir='ltr'><strong><em>δὴ</em></strong></span> <span class='ocrx_word' id='word_1_167' title='bbox 2197 2562 2202 2570; x_wconf 86' lang='lat'><strong>·</strong></span> 
     </span>
    </p>

    <p class='ocr_par' dir='ltr' id='par_1_24' title="bbox 323 2638 2323 2834">
     <span class='ocr_line' id='line_1_25' title="bbox 323 2638 2320 2727; baseline -0.001 -18"><span class='ocrx_word' id='word_1_168' title='bbox 323 2644 395 2710; x_wconf 80' lang='grc' dir='ltr'><strong><em>ἐκ</em></strong></span> <span class='ocrx_word' id='word_1_169' title='bbox 447 2645 687 2727; x_wconf 87' lang='grc' dir='ltr'><strong><em>Τροίης</em></strong></span> <span class='ocrx_word' id='word_1_170' title='bbox 732 2644 860 2707; x_wconf 88' lang='grc' dir='ltr'><strong><em>σὺν</em></strong></span> <span class='ocrx_word' id='word_1_171' title='bbox 906 2639 1107 2725; x_wconf 85' lang='grc' dir='ltr'><strong><em>νηυσὶ</em></strong></span> <span class='ocrx_word' id='word_1_172' title='bbox 1152 2641 1458 2727; x_wconf 87' lang='grc' dir='ltr'><strong><em>νεώμεθα</em></strong></span> <span class='ocrx_word' id='word_1_173' title='bbox 1501 2649 1735 2727; x_wconf 82' lang='grc' dir='ltr'><strong><em>κοῦροι</em></strong></span> <span class='ocrx_word' id='word_1_174' title='bbox 1773 2638 2116 2727; x_wconf 80' lang='grc' dir='ltr'><strong><em>Ἀχαιῶν.“</em></strong></span> <span class='ocrx_word' id='word_1_175' title='bbox 2202 2658 2320 2707; x_wconf 68' lang='grc'><strong><em>’505</em></strong></span> 
     </span>
     <span class='ocr_line' id='line_1_26' title="bbox 414 2744 2323 2834; baseline -0.001 -20"><span class='ocrx_word' id='word_1_176' title='bbox 414 2744 503 2826; x_wconf 80' lang='grc' dir='ltr'><strong><em>ὧς</em></strong></span> <span class='ocrx_word' id='word_1_177' title='bbox 529 2750 723 2834; x_wconf 87' lang='grc' dir='ltr'><strong><em>φάτο,</em></strong></span> <span class='ocrx_word' id='word_1_178' title='bbox 753 2750 912 2824; x_wconf 87' lang='grc' dir='ltr'><strong><em>τοὺς</em></strong></span> <span class='ocrx_word' id='word_1_179' title='bbox 940 2745 1001 2813; x_wconf 84' lang='grc' dir='ltr'><strong><em>δ’</em></strong></span> <span class='ocrx_word' id='word_1_180' title='bbox 1036 2748 1164 2831; x_wconf 73' lang='grc' dir='ltr'><strong><em>ἄρα</em></strong></span> <span class='ocrx_word' id='word_1_181' title='bbox 1189 2747 1442 2824; x_wconf 87' lang='grc' dir='ltr'><strong><em>πάντας</em></strong></span> <span class='ocrx_word' id='word_1_182' title='bbox 1468 2746 1596 2812; x_wconf 82' lang='grc' dir='ltr'><strong><em>ὑπὸ</em></strong></span> <span class='ocrx_word' id='word_1_183' title='bbox 1624 2748 1866 2833; x_wconf 90' lang='grc' dir='ltr'><strong><em>τρόμος</em></strong></span> <span class='ocrx_word' id='word_1_184' title='bbox 1892 2750 2125 2832; x_wconf 81' lang='grc' dir='ltr'><strong><em>ἔλλαβε</em></strong></span> <span class='ocrx_word' id='word_1_185' title='bbox 2151 2759 2323 2831; x_wconf 80' lang='grc' dir='ltr'><strong><em>γυῖα,</em></strong></span> 
     </span>
    </p>

    <p class='ocr_par' dir='ltr' id='par_1_25' title="bbox 323 2850 2263 3044">
     <span class='ocr_line' id='line_1_27' title="bbox 323 2850 2151 2938; baseline -0.002 -17"><span class='ocrx_word' id='word_1_186' title='bbox 323 2857 662 2938; x_wconf 88' lang='grc' dir='ltr'><strong><em>πάπτηνεν</em></strong></span> <span class='ocrx_word' id='word_1_187' title='bbox 711 2850 785 2920; x_wconf 72' lang='grc' dir='ltr'><strong><em>δὲ</em></strong></span> <span class='ocrx_word' id='word_1_188' title='bbox 829 2852 1119 2935; x_wconf 78' lang='grc' dir='ltr'><strong><em>ἕκαστος,</em></strong></span> <span class='ocrx_word' id='word_1_189' title='bbox 1168 2853 1308 2938; x_wconf 30' lang='grc' dir='ltr'><strong><em>ὅπῃ,</em></strong></span> <span class='ocrx_word' id='word_1_190' title='bbox 1342 2854 1550 2938; x_wconf 90' lang='grc' dir='ltr'><strong><em>φύγοι</em></strong></span> <span class='ocrx_word' id='word_1_191' title='bbox 1596 2854 1797 2917; x_wconf 80' lang='grc' dir='ltr'><strong><em>αἰπὺν</em></strong></span> <span class='ocrx_word' id='word_1_192' title='bbox 1845 2854 2151 2938; x_wconf 79' lang='grc' dir='ltr'><strong><em>ὄλεθρον.</em></strong></span> 
     </span>
     <span class='ocr_line' id='line_1_28' title="bbox 415 2952 2263 3044; baseline -0.001 -18"><span class='ocrx_word' id='word_1_193' title='bbox 415 2964 639 3026; x_wconf 85' lang='grc' dir='ltr'><strong><em>ἔσπετε</em></strong></span> <span class='ocrx_word' id='word_1_194' title='bbox 684 2968 812 3025; x_wconf 85' lang='grc' dir='ltr'><strong><em>νῦν</em></strong></span> <span class='ocrx_word' id='word_1_195' title='bbox 857 2982 992 3043; x_wconf 90' lang='grc' dir='ltr'><strong><em>μοι,</em></strong></span> <span class='ocrx_word' id='word_1_196' title='bbox 1037 2967 1279 3043; x_wconf 88' lang='grc' dir='ltr'><strong><em>μοῦσαι</em></strong></span> <span class='ocrx_word' id='word_1_197' title='bbox 1317 2953 1632 3043; x_wconf 83' lang='grc' dir='ltr'><strong><em>Ὀλύμπια</em></strong></span> <span class='ocrx_word' id='word_1_198' title='bbox 1678 2952 1922 3043; x_wconf 87' lang='grc' dir='ltr'><strong><em>δώματ’</em></strong></span> <span class='ocrx_word' id='word_1_199' title='bbox 1974 2961 2263 3044; x_wconf 82' lang='grc' dir='ltr'><strong><em>ἔχουσαι,</em></strong></span> 
     </span>
    </p>

    <p class='ocr_par' dir='ltr' id='par_1_26' title="bbox 328 3058 2077 3151">
     <span class='ocr_line' id='line_1_29' title="bbox 328 3058 2077 3151; baseline -0.001 -18"><span class='ocrx_word' id='word_1_200' title='bbox 328 3068 402 3145; x_wconf 80' lang='grc' dir='ltr'><strong><em>ὅς</em></strong></span> <span class='ocrx_word' id='word_1_201' title='bbox 445 3091 546 3145; x_wconf 91' lang='grc' dir='ltr'><strong><em>τις</em></strong></span> <span class='ocrx_word' id='word_1_202' title='bbox 591 3067 673 3150; x_wconf 83' lang='grc' dir='ltr'><strong><em>δὴ</em></strong></span> <span class='ocrx_word' id='word_1_203' title='bbox 719 3075 979 3150; x_wconf 83' lang='grc' dir='ltr'><strong><em>πρῶτος</em></strong></span> <span class='ocrx_word' id='word_1_204' title='bbox 1023 3061 1358 3151; x_wconf 85' lang='grc' dir='ltr'><strong><em>βροτόεντ’</em></strong></span> <span class='ocrx_word' id='word_1_205' title='bbox 1411 3058 1757 3150; x_wconf 82' lang='grc' dir='ltr'><strong><em>ἀνδράγρι’</em></strong></span> <span class='ocrx_word' id='word_1_206' title='bbox 1782 3061 2077 3151; x_wconf 34' lang='grc' dir='ltr'><strong><em>,Ἀχαιῶν</em></strong></span> 
     </span>
    </p>

    <p class='ocr_par' dir='ltr' id='par_1_27' title="bbox 327 3167 2327 3259">
     <span class='ocr_line' id='line_1_30' title="bbox 327 3167 2327 3259; baseline 0.001 -21"><span class='ocrx_word' id='word_1_207' title='bbox 327 3167 540 3259; x_wconf 76' lang='grc' dir='ltr'><strong><em>ἤρατ’,</em></strong></span> <span class='ocrx_word' id='word_1_208' title='bbox 588 3172 734 3238; x_wconf 80' lang='grc' dir='ltr'><strong><em>ἐπεί</em></strong></span> <span class='ocrx_word' id='word_1_209' title='bbox 774 3168 830 3256; x_wconf 80' lang='grc' dir='ltr'><strong><em>ῤ’</em></strong></span> <span class='ocrx_word' id='word_1_210' title='bbox 891 3172 1105 3236; x_wconf 83' lang='grc' dir='ltr'><strong><em>ἔκλινε</em></strong></span> <span class='ocrx_word' id='word_1_211' title='bbox 1148 3170 1363 3255; x_wconf 91' lang='grc' dir='ltr'><strong><em>μάχην</em></strong></span> <span class='ocrx_word' id='word_1_212' title='bbox 1409 3171 1645 3247; x_wconf 89' lang='grc' dir='ltr'><strong><em>κλυτὸς</em></strong></span> <span class='ocrx_word' id='word_1_213' title='bbox 1690 3170 2120 3255; x_wconf 81' lang='grc' dir='ltr'><strong><em>ἐννοσίγαιος.</em></strong></span> <span class='ocrx_word' id='word_1_214' title='bbox 2226 3188 2327 3241; x_wconf 83' lang='lat'><strong><em>510</em></strong></span> 
     </span>
    </p>

    <p class='ocr_par' dir='ltr' id='par_1_28' title="bbox 331 3271 1914 3364">
     <span class='ocr_line' id='line_1_31' title="bbox 331 3271 1914 3364; baseline -0.003 -20"><span class='ocrx_word' id='word_1_215' title='bbox 331 3285 500 3356; x_wconf 80' lang='grc' dir='ltr'><strong><em>Αἴας</em></strong></span> <span class='ocrx_word' id='word_1_216' title='bbox 546 3278 629 3364; x_wconf 78' lang='grc' dir='ltr'><strong><em>ῥα</em></strong></span> <span class='ocrx_word' id='word_1_217' title='bbox 674 3287 934 3364; x_wconf 82' lang='grc' dir='ltr'><strong><em>πρῶτος</em></strong></span> <span class='ocrx_word' id='word_1_218' title='bbox 983 3278 1400 3361; x_wconf 90' lang='grc' dir='ltr'><strong><em>Τελαμώνιος</em></strong></span> <span class='ocrx_word' id='word_1_219' title='bbox 1419 3274 1705 3361; x_wconf 73' lang='grc' dir='ltr'><strong><em>Ὕρτιον</em></strong></span> <span class='ocrx_word' id='word_1_220' title='bbox 1751 3271 1914 3341; x_wconf 83' lang='grc' dir='ltr'><strong><em>οὖτα</em></strong></span> 
     </span>
    </p>

    <p class='ocr_par' dir='ltr' id='par_1_29' title="bbox 329 3382 1962 3469">
     <span class='ocr_line' id='line_1_32' title="bbox 329 3382 1962 3469; baseline -0.001 -20"><span class='ocrx_word' id='word_1_221' title='bbox 329 3385 728 3469; x_wconf 89' lang='grc' dir='ltr'><strong><em>Γυρτιάδην,</em></strong></span> <span class='ocrx_word' id='word_1_222' title='bbox 775 3387 1039 3448; x_wconf 80' lang='grc' dir='ltr'><strong><em>Μυσῶν</em></strong></span> <span class='ocrx_word' id='word_1_223' title='bbox 1080 3382 1372 3468; x_wconf 80' lang='grc' dir='ltr'><strong><em>ἡγήτορα</em></strong></span> <span class='ocrx_word' id='word_1_224' title='bbox 1415 3382 1962 3468; x_wconf 78' lang='grc' dir='ltr'><strong><em>καρτεροθύμων·</em></strong></span> 
     </span>
    </p>

    <p class='ocr_par' dir='ltr' id='par_1_30' title="bbox 335 3472 2131 3590">
     <span class='ocr_line' id='line_1_33' title="bbox 335 3472 2131 3590; baseline -0.001 -35"><span class='ocrx_word' id='word_1_225' title='bbox 335 3491 606 3571; x_wconf 89' lang='grc' dir='ltr'><strong><em>Φάλκην</em></strong></span> <span class='ocrx_word' id='word_1_226' title='bbox 653 3487 712 3555; x_wconf 94' lang='grc' dir='ltr'><strong><em>δ’</em></strong></span> <span class='ocrx_word' id='word_1_227' title='bbox 759 3486 1285 3590; x_wconf 36' lang='grc' dir='ltr'><strong><em>Ἀντίλοχοςικαὶ</em></strong></span> <span class='ocrx_word' id='word_1_228' title='bbox 1331 3472 1692 3575; x_wconf 83' lang='grc' dir='ltr'><strong><em>Μέρμερον</em></strong></span> <span class='ocrx_word' id='word_1_229' title='bbox 1738 3487 2131 3575; x_wconf 81' lang='grc' dir='ltr'><strong><em>ἐξενάριξεν·</em></strong></span> 
     </span>
    </p>
   </div>
   <div class='ocr_carea' id='block_1_6' title="bbox 2516 2337 2519 3829">
    <p class='ocr_par' dir='ltr' id='par_1_31' title="bbox 2516 2337 2519 3829">
     <span class='ocr_line' id='line_1_34' title="bbox 2516 2337 2519 3829; baseline 0 0"><span class='ocrx_word' id='word_1_230' title='bbox 2516 2337 2519 3829; x_wconf 95' lang='lat' dir='ltr'><strong><em> </em></strong></span> 
     </span>
    </p>
   </div>
  </div>
 </body>
</html>
