2525 3884
301 156 431 222 162
1100 158 1403 211 ῐΛιΑΔοΣ
1439 156 1506 209 Τ.

299 304 550 385 σίντης,
598 301 679 368 ὃν
724 323 796 366 τε
840 297 952 366 καὶ
996 299 1237 386 ἄνδρες
1282 297 1723 384 ἀποκτάμεναι
1767 298 2092 384 μεμάασιν
2218 312 2334 363 165

302 407 679 492 ἀγρόμενοι,
725 414 851 485 πᾶς
896 408 1130 491 δῆμος·
1184 405 1223 472 ὁ
1261 403 1338 472 δὲ
1379 416 1647 492 πρῶτον
1688 402 1813 490 μὲν
1857 405 2091 485 ἀτίζων

300 516 573 600 ἔρχεται,
620 507 763 580 ἀλλ’
812 514 919 579 ὅτε
962 512 1080 578 κέν
1121 535 1224 590 τις
1268 511 1612 598 ἀρηιθόων
1658 514 1900 596 αἰζηῶν

300 617 500 706 δουρὶ
542 619 732 706 βάλῃ,
778 618 936 703 ἐάλη
980 642 1052 685 τε
1096 620 1341 704 χανών,
1386 621 1545 704 περί
1580 615 1639 683 τ’
1690 617 1904 705 ἀφρὸς
1947 617 2233 693 ὀδόντας

299 728 618 810 γίγνεται,
664 724 738 791 ἐν
786 723 865 791 δέ
893 723 972 792 τέ
1012 725 1083 790 οἰ
1120 726 1361 810 κραδίῃ
1409 721 1624 790 στένει
1667 725 1946 809 ἄλκιμον
1987 719 2182 808 ἦτορ,

303 830 472 918 οὐρῇ
518 826 593 896 δὲ
638 829 925 916 πλευράς
967 851 1040 895 τε
1082 827 1193 895 καὶ
1238 831 1418 915 ἰσχία
1452 827 1931 916 ἀμφοτέρωθεν
2218 842 2324 894 1‘10

306 939 667 1022 μαστίεται,
715 934 778 1002 ἑὲ
824 933 886 1001 δ’
938 935 1144 1001 αὐτὸν
1189 935 1536 1021 ἐποτρύνει
1580 934 2022 1022 μαχέσασθαι,

302 1046 681 1130 γλαυκιόων
728 1039 790 1108 δ’
845 1043 1002 1120 ἰθὺς
1046 1040 1318 1129 φέρεται
1359 1041 1563 1127 μένει,
1607 1043 1694 1127 ἦν
1736 1065 1886 1108 τινα
1927 1041 2150 1128 πέφνῃ

303 1150 572 1237 ἀνδρῶν
616 1148 658 1233 ἣ
704 1148 903 1226 αὐτὸς
938 1151 1213 1234 φθίεται
1255 1149 1494 1237 πρώτω
1539 1148 1614 1216 ἐν
1659 1147 1865 1237 ὁμίλῳ
1881 1167 1898 1184 ·

305 1251 394 1334 ὧς
430 1248 673 1341 Ἀχιλῆ’
724 1256 978 1341 ὤτρυνε
1021 1253 1220 1341 μένος
1261 1252 1375 1321 καὶ
1416 1255 1637 1340 θυμὸς
1680 1254 1947 1340 ἀγήνωρ

305 1363 537 1449 ἀντίον
581 1360 934 1446 ἐλθέμεναι
977 1364 1422 1448 μεγαλήτορος
1464 1363 1759 1428 Αἰνείαο.
2213 1374 2310 1424 175

307 1470 378 1535 οἰ
416 1466 479 1536 δ’
534 1469 644 1535 ὅτε
690 1469 775 1552 δὴ
822 1469 1063 1552 σχεδὸν
1105 1462 1277 1551 ἦσαν
1323 1461 1426 1533 ἐπ’
1473 1466 1856 1551 ἀλλήλοισιν
1902 1468 2141 1550 ἰόντες,

308 1576 428 1641 τὸν
470 1578 790 1661 πρότερος
833 1570 1181 1659 προσέειπε
1223 1573 1560 1658 ποδάρκης
1605 1575 1749 1650 δῖος
1785 1568 2155 1658 Ἀχιλλεύς··

309 1683 611 1766 ,,Αἰνεία,
654 1682 727 1745 τί
764 1681 850 1745 σὺ
892 1682 1136 1745 τόσσον
1182 1679 1419 1764 ὁμίλου
1461 1680 1710 1746 πολλὸν
1754 1677 2055 1745 ἐπελθὼν

309 1790 527 1870 ἔστης;
575 1781 616 1868 ἦ
665 1782 744 1851 σέ
782 1809 858 1869 γε
901 1785 1121 1870 θυμὸς
1164 1783 1311 1869 ἐμοὶ
1356 1784 1772 1870 μαχέσασθαι
1816 1786 2056 1868 ἀνώγει

310 1895 674 1978 ἐλπόμενον
727 1891 1062 1977 Τρώεσσιν
1105 1890 1372 1971 ἀνάξειν
1419 1892 1889 1976 ἱπποδάμοισιν
2213 1904 2307 1956 180

310 2009 501 2086 τιμῆς
542 2008 660 2083 τῆς
704 1998 1048 2083 Πριάμους
1097 1997 1259 2084 ἀτὰρ
1306 2003 1375 2064 εἰ
1407 2021 1524 2064 κεν
1569 1993 1669 2083 ἔμ’
1718 1996 2116 2084 ἐξεναρίξῃς,

315 2108 397 2174 οὔ
440 2128 546 2171 τοι
588 2104 872 2171 τούνεκά
912 2128 988 2188 γε
1034 2106 1337 2190 Πρίαμος
1380 2100 1576 2189 γέρας
1619 2103 1694 2169 ἐν
1736 2101 1879 2190 χερὶ
1921 2107 2147 2187 θήσει·

313 2210 484 2280 εἰσὶν
529 2213 657 2297 γάρ
703 2211 775 2276 οἰ
813 2212 1070 2293 παῖδες,
1117 2209 1154 2276 ὁ
1201 2204 1263 2275 δ’
1313 2209 1591 2294 ἔμπεδος
1636 2204 1784 2275 οὐδ’
1833 2210 2186 2295 ἀεσίφρων.

313 2314 356 2403 ἦ
400 2318 488 2383 νύ
530 2319 602 2382 τί
638 2339 743 2381 τοι
795 2320 1013 2403 Τρῶες
1056 2312 1325 2402 τέμενος
1368 2316 1578 2400 τάμον
1621 2314 1851 2401 ἔξοχον
1898 2317 2145 2399 ἄλλων,

313 2424 519 2489 καλὸν
555 2427 877 2507 φυταλιῆς
919 2420 1030 2488 καὶ
1073 2421 1383 2509 ἀρούρης,
1430 2424 1610 2508 ὄφρα
1653 2420 1920 2506 νέμηαι,
2216 2435 2307 2487 185

317 2535 395 2596 αἰ
428 2551 545 2595 κεν
589 2524 701 2613 ἐμὲ
744 2530 1030 2613 κτείνῃς;
1077 2533 1373 2613 χαλεπῶς
1418 2525 1498 2593 δέ
1538 2521 1599 2593 6*
1650 2530 1851 2593 ἔολπα
1894 2528 1968 2593 τὸ
2014 2525 2235 2613 ῥέξειν.

316 2636 446 2719 ἤδη
491 2631 614 2719 μὲν
659 2631 740 2699 σέ
777 2630 859 2718 γέ
899 2656 1070 2717 φημι
1112 2631 1224 2699 καὶ
1268 2635 1500 2699 ἄλλοτε
1546 2632 1742 2719 δουρὶ
1784 2637 2105 2719 φοβῆσαι·

319 2736 362 2825 ᾖ
411 2740 494 2806 οὐ
540 2738 776 2825 μέμνη,
822 2738 929 2804 ὅτε
974 2736 1095 2826 πέρ
1144 2754 1218 2805 σε
1262 2742 1444 2822 βοῶν
1488 2738 1640 2822 ἀπο,
1686 2748 1940 2824 μοῦνον
1983 2739 2209 2824 ἐόντα,
2339 2730 2342 2733 ’

321 2855 484 2913 σεῦα
527 2840 670 2911 κατ’
713 2843 973 2911 Ἰδαίων
1020 2843 1232 2931 ὀρέων
1276 2843 1577 2930 ταχέεσσι
1619 2834 1937 2912 πόδεσσιν

319 2954 771 3038 καρπαλίμως;
809 2953 957 3017 τότε
993 2947 1056 3016 δ’
1101 2951 1184 3016 οὔ
1219 2973 1285 3015 τι
1321 2955 1862 3039 μετατροπαλίζεο
1901 2952 2183 3037 φεύγων.
2216 2968 2304 3019 190

323 3062 525 3125 ἔνθεν
573 3053 640 3124 δ’
693 3056 760 3135 ἐς
802 3057 1207 3143 Λυρνησσὸν
1250 3056 1649 3142 ὑπέκφυγες·
1696 3056 1904 3143 αὐτὰρ
1950 3056 2077 3141 ἐγὼ
2119 3059 2230 3142 τὴν

320 3162 533 3250 πέρσα
577 3160 1031 3249 μεθορμηθεὶς
1076 3164 1204 3228 σὺν
1243 3157 1495 3249 Ἀθήνῃ
1538 3161 1648 3228 καὶ
1693 3160 1814 3228 Διὶ
1858 3166 2085 3249 πατρί,

324 3272 601 3355 ληιάδας
645 3266 721 3335 δὲ
764 3278 1103 3353 γυναῖκας,
1141 3268 1502 3355 ἐλεύθερον
1544 3265 1720 3356 ἦμαρ
1765 3269 2087 3354 ἀπούρας,

323 3373 520 3461 ἦγον·
566 3376 730 3461 ἀτὰρ
777 3372 851 3440 σὲ
896 3375 1066 3452 Ζεὺς
1110 3374 1433 3460 ἐρρύσατο
1478 3373 1588 3440 καὶ
1631 3373 1786 3443 θεοὶ
1828 3377 2034 3443 ἄλλοι.

324 3480 469 3549 ἀλλ’
525 3483 607 3549 οὐ
651 3488 781 3548 νῦν
827 3496 901 3546 σε
945 3478 1231 3561 ῥύεσθαι
1276 3481 1529 3567 ὀίομαι,
1577 3480 1665 3558 ὡς
1711 3479 1813 3548 ἐνὶ
1853 3488 2053 3569 θυμῷ
2220 3498 2304 3550 195
