2525 3884
48 224 61 267 f
988 241 1292 294 ΙΛΙΑΔΟΣ
1326 243 1471 298 m
2103 239 2230 305 149

42 406 47 457 ι
201 381 315 448 σοὶ
370 377 445 462 δ’,
482 384 660 474 αὐτῷ
706 380 853 450 τόδ’
905 380 1079 467 ἐγὼν
1125 383 1540 470 ἐπιτέλλομαι
1581 382 1702 469 ἠδὲ
1744 384 2017 452 κελεύω·

42 464 45 575 ἔ
196 491 617 576 κρινάμενος
659 491 986 577 κούρητας
1030 488 1343 577 ἀριστῆας
1386 496 1790 578 Παναχαιῶν

196 598 407 682 δῶρα
453 596 610 683 ἐμῆς
651 597 830 682 παρὰ
871 597 1037 678 νηὸς
1080 595 1434 682 ἐνεικέμεν,
1481 594 1628 663 ὅσσ’
1673 594 1921 681 Ἀχιλῆι

200 703 460 786 χθιζὸν
502 700 875 787 ὑπέστημεν
921 702 1191 787 δώσειν,
1239 701 1481 788 ἀγέμεν
1524 725 1596 770 τε
1638 714 1975 788 γυναῖκας.
2138 718 2237 769 195

202 809 606 893 Ταλθύβιος
651 806 731 874 δέ
772 831 885 892 μοι
929 803 1066 874 ὦκα
1100 811 1265 875 κατὰ
1309 810 1594 896 στρατὸν,
1629 809 1835 896 εὐρὺν
1872 805 2150 893 Ἀχαιῶν
2318 804 2326 813 ’

192 915 475 1001 κάπρον
521 913 954 1000 ἑτοιμασάτω,
998 913 1261 1000 ταμέειν
1307 917 1437 981 Διί
1471 914 1540 980 τ’
1579 912 1814 1005 Ἠελίφ
1858 915 1993 981 τε.“

291 1023 427 1087 τὸν
466 1018 527 1086 δ’
572 1020 1094 1106 ἀπαμειβόμενος
1119 1019 1421 1107 προσέφη
1449 1023 1661 1101 πόδας
1687 1022 1860 1100 ὠκὺς
1879 1019 2237 1108 Ἀχιλλεύς·

192 1120 554 1214 »Ἀτρεΐδη
598 1127 895 1210 κύδιστε,
943 1125 1108 1206 ἅναξ
1153 1126 1422 1212 ἀνδρῶν
1461 1124 1899 1213 Ἀγάμεμνον,

195 1231 459 1299 ἄλλοτέ
497 1254 622 1319 περ
666 1229 779 1299 καὶ
824 1237 1077 1318 μᾶλλον
1124 1231 1435 1316 ὀφέλλετε
1477 1241 1683 1300 ταῦτα
1717 1231 2070 1317 πένεσθαι,
2132 1249 2236 1300 200

200 1338 463 1405 ὁππότε
505 1361 604 1416 τις
649 1339 1127 1423 μεταπαυσωλὴ
1171 1336 1489 1424 πολέμοιο
1532 1337 1803 1423 γένηται

201 1443 326 1510 καὶ
372 1442 577 1531 μένος
621 1444 705 1511 ού
747 1447 952 1511 τόσον
996 1434 1152 1530 ᾖσιν
1197 1442 1300 1510 ἐνὶ
1345 1447 1707 1528 στήθεσσιν
1752 1443 2025 1528 ἐμοῖσιν.

206 1560 346 1617 νῦν
397 1546 461 1617 δ’
512 1551 584 1616 οῖ
621 1547 746 1636 μὲν
788 1548 1014 1616 κέαται
1057 1549 1502 1636 δεδαϋγμένοι,
1548 1549 1666 1628 οὓς
1712 1549 2081 1635 ἐδάμασσεν

197 1655 458 1743 Ἐκτωρ
506 1657 912 1744 Πριαμίδης,
960 1655 1069 1722 ὅτε
1115 1656 1187 1721 οἱ
1228 1658 1396 1734 Ζεὺς
1438 1657 1641 1734 κῦδος
1686 1657 1963 1740 ἔδωκεν,

208 1764 411 1849 ὑμεῖς
456 1758 524 1828 δ’
576 1762 644 1840 ἐς
678 1765 946 1849 βρωτὺν
993 1761 1368 1849 ὀτρύνετον.
1457 1758 1499 1848 ἦ
1543 1756 1603 1828 τ’
1656 1761 1740 1829 ἂν
1785 1764 1914 1847 ἐγώ
1957 1787 2036 1848 γε
2134 1779 2237 1830 206

208 1879 352 1936 νῦν
401 1865 524 1954 μὲν
568 1868 893 1954 ἀνώγοιμι
936 1871 1346 1953 πτολεμίζειν
1389 1860 1540 1948 υἷας
1576 1865 1854 1954 Ἀχαιῶν

205 1981 492 2060 νήστιας
527 1975 892 2061 ἀκμήνους,
928 1974 1062 2060 ἅμα
1109 1969 1173 2041 δ’
1221 1975 1420 2064 ἠελίῳ
1466 1976 1826 2040 καταδύντι

205 2082 570 2162 τεύξεσθαι
613 2080 780 2167 μέγα
827 2082 1111 2170 δόρπον,
1158 2081 1325 2166 ἐπὴν
1367 2083 1723 2165 τισαίμεθα
1766 2081 2009 2165 λώβην.

208 2187 380 2276 πρὶν
427 2185 490 2254 δ’
535 2187 618 2254 οὔ
660 2209 800 2266 πως
843 2187 928 2254 ἀν
974 2187 1128 2273 ἐμοί
1163 2212 1239 2271 γε
1288 2191 1490 2272 φίλον
1532 2188 1697 2253 κατὰ
1741 2188 1979 2272 λαιμὸν
2024 2188 2151 2272 ἰείη

210 2296 299 2362 οὐ
347 2297 542 2371 πόσις
586 2289 747 2360 οὐδὲ
793 2297 1057 2379 βρῶσις,
1105 2292 1373 2380 ἑταίρου
1417 2299 1822 2377 τεθνηῶτος,
2134 2310 2238 2360 210

212 2402 290 2481 ὃς
340 2424 456 2485 μοι
501 2396 604 2466 ἐνὶ
646 2402 866 2485 κλισίῃ
915 2399 1347 2485 δεδαϊγμένος
1392 2397 1525 2477 ὀξέι
1570 2404 1785 2488 χαλκῷ

208 2518 447 2590 κεῖται,
495 2505 623 2572 ἀνὰ
665 2508 1019 2593 πρόθυρον
1064 2504 1526 2593 τετραμμένος,
1573 2502 1744 2590 ἀμφὶ
1788 2499 1852 2571 δ’
1902 2504 2149 2592 ἑταῖροι

211 2616 563 2700 μύρονται·
607 2614 685 2678 τό
730 2634 844 2696 μοι
889 2612 973 2677 οὔ
1016 2635 1080 2677 τι
1124 2614 1285 2697 μετὰ
1329 2609 1529 2698 φρεσὶ
1572 2619 1777 2678 ταῦτα
1821 2610 2138 2698 μέμηλεν,

211 2721 383 2787 ἀλλὰ
426 2720 638 2803 φόνος
679 2741 752 2783 τε
786 2716 898 2783 καὶ
935 2710 1094 2803 αἷμα
1127 2716 1239 2784 καὶ
1277 2717 1596 2805 ἀργαλέος
1632 2721 1868 2796 στόνος
1904 2720 2237 2806 ἀνδρῶν.“

302 2827 423 2892 τὸν
439 2823 500 2889 δ’
522 2824 1043 2909 ἀπαμειβόμενος
1055 2822 1359 2911 προσέφη
1374 2822 2107 2911 πολύμητιςὈδυσσεύς·
2130 2843 2234 2892 215

213 2928 316 3017 ,,ὦ
355 2928 616 3017 Ἀχιλεῦ
660 2935 931 3014 Πηλῆος
973 2929 1098 3014 υἱέ,
1145 2929 1313 3016 μέγα
1360 2925 1626 3016 φέρτατ’
1669 2927 1978 3015 Ἀχαιῶν,

213 3040 544 3124 κρείσσων
590 3038 685 3114 εἰς
730 3035 972 3121 ἐμέθεν
1016 3034 1128 3101 καὶ
1174 3035 1493 3124 φέρτερος
1538 3036 1661 3103 οὐκ
1706 3036 1937 3120 ὀλίγον
1980 3060 2103 3126 περ

215 3148 423 3230 ἔγχει,
469 3143 597 3228 ἐγὼ
644 3142 724 3210 δέ
762 3166 837 3209 κε
882 3152 1023 3209 σεῖο
1067 3145 1357 3227 νοήματί
1392 3168 1468 3227 γε
1512 3145 1972 3231 προβαλοίμην

212 3252 485 3333 πολλόν,
533 3248 673 3316 ἐπεὶ
716 3251 1036 3336 πρότερος
1078 3251 1372 3334 γενόμην
1414 3246 1523 3315 καὶ
1567 3252 1843 3316 πλείονα
1889 3245 2056 3315 οἶδα.

213 3365 305 3445 τῷ
352 3380 457 3423 τοι
502 3355 821 3438 ἐπιτλήτω
865 3356 1104 3443 κραδίη
1152 3355 1474 3441 μύθοισιν
1520 3354 1796 3440 ἐμοῖσιν.
2130 3370 2235 3419 220

216 3459 379 3544 αἶψά
421 3486 493 3528 τε
538 3463 910 3546 φυλόπιδος
952 3460 1215 3528 πέλεται
1257 3463 1455 3547 κόρος
1498 3461 1990 3546 ἀνθρώποισιν,

214 3567 291 3656 ἧς
333 3593 404 3637 τε
446 3572 762 3650 πλείστην
809 3563 931 3650 μὲν
966 3567 1268 3650 καλάμην
1313 3562 1518 3650 χθονὶ
1560 3565 1800 3648 χαλκὸς
1844 3566 2098 3645 ἔχευεν,
