2525 3884
976 207 1282 260 ιΛῙΑΔοΣ
1317 211 1489 264 xm
2107 209 2237 274 201

225 359 356 412 νῶι
399 352 820 427 κατακτείνας
866 353 1069 437 ἔναρα
1113 353 1475 434 βροτόεντα
1521 352 1802 439 φέρηται
2140 370 2244 419 245

224 461 395 538 νῆας
440 456 546 520 ἔπι
590 455 967 542 γλαφυράς,
1011 451 1054 540 ἦ
1098 479 1215 522 κεν
1262 464 1357 545 σῷ
1407 456 1603 544 δουρὶ
1649 461 1928 547 δαμήῃ.“

320 553 410 637 ὧς
453 560 714 645 φαμένη
759 558 872 627 καὶ
913 562 1285 648 κερδοσύνῃ
1331 561 1605 648 ἡγήσατ’
1642 561 1909 650 Ἀθήνη.

226 665 301 731 οἰ
344 660 407 731 δ’
457 666 564 732 ὅτε
610 667 694 750 δὴ
740 668 978 751 σχεδὸν
1014 662 1186 750 ἦσαν
1230 664 1331 734 ἐπ’
1383 668 1767 754 ἀλλήλοισιν
1814 673 2055 755 ἰόντες,

231 773 351 836 τὸν
393 774 711 858 πρότερος
753 772 1098 858 προσέειπε
1143 772 1346 859 μέγας
1388 780 1837 862 κορυθαίολος
1873 774 2155 864 Ἕκτωρ·
2253 801 2258 803 Α

219 877 362 962 ,,οῧ
389 875 450 943 σ’
486 881 603 962 ἔτι,
631 879 894 962 Πηλέος
918 877 1043 963 υἰέ,
1073 883 1475 967 φοβήσομαι,
1514 882 1605 959 ὡς
1637 884 1713 949 τὸ
1739 883 1949 970 πάρος
1980 904 2103 969 περ
2141 899 2248 949 250

219 982 375 1070 τρὶς
414 983 566 1072 περὶ
608 986 774 1051 ἄστυ
811 982 978 1069 μέγα
1021 986 1334 1071 Πριάμου
1373 988 1524 1072 δίον
1568 986 1733 1054 οὐδέ
1772 982 1919 1054 ποτ’
1971 990 2166 1073 ἔτλην

132 1176 141 1187 ἢ
220 1101 451 1176 μεῖναι
494 1091 964 1177 ἐπερχόμενον·
1007 1098 1138 1156 νῦν
1183 1085 1346 1157 αὖτέ
1385 1115 1465 1177 με
1509 1095 1730 1179 θυμὸς
1775 1093 2018 1178 ἀνῆκεν

221 1198 547 1280 στήμεναι
590 1196 782 1262 ἀντία
825 1206 999 1262 σεῖο·
1043 1194 1264 1281 ἕλοιμί
1301 1220 1419 1263 κεν
1461 1199 1505 1281 ἦ
1547 1221 1665 1264 κεν
1710 1198 1965 1284 ἁλοίην.

220 1300 380 1368 ἀλλ’
431 1303 549 1386 ἄγε
594 1303 795 1389 δεῦρο
838 1303 1048 1380 θεοὺς
1091 1302 1499 1387 ἐπιδώμεθα·
1543 1300 1650 1368 τοὶ
1692 1306 1819 1389 γὰρ
1864 1306 2121 1391 ἄριστοι

221 1408 559 1496 μάρτυροι
603 1411 913 1474 ἔσσονται
955 1405 1067 1474 καὶ
1111 1408 1455 1474 ἐπίσκοποι
1499 1407 1899 1494 ἁρμονιάων.
2142 1426 2247 1478 256

223 1514 317 1581 οὐ
349 1514 475 1600 γάρ
523 1514 651 1597 ἐγώ
696 1509 758 1577 σ’
811 1517 1137 1598 ἔκπαγλον
1182 1513 1428 1598 ἀεικιῶ,
1474 1520 1551 1580 αἴ
1586 1537 1701 1581 κεν
1746 1513 1893 1599 ἐμοὶ
1938 1519 2107 1595 Ζεὺς

224 1620 374 1706 δώῃ
417 1623 819 1705 καμμονίην,
866 1620 996 1703 σὴν
1042 1617 1117 1686 δὲ
1160 1622 1384 1705 ψυχὴν
1429 1619 1796 1707 ἀφέλωμαι·

225 1721 376 1792 ἀλλ’
428 1724 568 1792 ἐπεὶ
612 1727 696 1812 ἀρ
740 1725 818 1791 κέ
858 1743 933 1791 σε
978 1726 1245 1809 συλήσω
1290 1729 1495 1794 κλυτὰ
1536 1726 1773 1814 τεύχε’,
1815 1723 2137 1815 Ἀχιλλεῦ,

222 1833 472 1918 νεκρὸν
511 1829 872 1918 Ἀχαιοῖσιν
918 1831 1113 1896 δώσω
1158 1833 1387 1898 πάλιν·
1432 1828 1521 1912 ὧς
1566 1831 1640 1900 δὲ
1685 1836 1772 1899 σὺ
1807 1834 2080 1920 ρέζειν.“

319 1939 440 2004 τὸν
467 1934 530 2004 δ’
547 1935 653 2026 ἄρ’
668 1938 930 2025 ὑπόδρα
954 1922 1118 2003 ἰδὼν
1150 1937 1452 2026 προσέφη
1470 1942 1679 2018 πόδας
1696 1939 1869 2017 ὠκὺς
1892 1937 2239 2025 Ἀχιλλεύς·

226 2041 530 2132 ‚merom
576 2048 665 2130 μή
710 2068 845 2129 μοι,
891 2044 1152 2128 ἄλαστε,
1197 2047 1669 2130 συνημοσύνας
1711 2045 2006 2132 ἀγόρευε.
2141 2062 2239 2112 261

230 2150 325 2227 ὡς
370 2150 492 2216 οὑκ
536 2152 675 2216 ἔστι
719 2149 946 2216 λέουσι
988 2147 1100 2215 καὶ
1144 2150 1472 2234 ἀνδράσιν
1516 2151 1706 2237 ὅρκια
1750 2151 1978 2235 πιστά,

230 2253 394 2322 οὐδὲ
438 2257 629 2322 λύκοι
661 2279 732 2322 τε
775 2254 888 2322 καὶ
932 2257 1130 2343 ἄρνες
1174 2255 1524 2342 ὁμόφρονα
1566 2257 1796 2340 θυμὸν
1840 2259 2138 2342 ἔχουσιν,

230 2360 400 2427 ἀλλὰ
441 2364 607 2428 κακὰ
651 2360 1016 2448 φρονέουσι
1064 2358 1416 2447 διαμπερὲς
1462 2361 1883 2446 ἀλλήλοισιν,

233 2461 325 2544 ὦς
369 2466 494 2533 οὐκ
537 2462 669 2534 ἔστ’
720 2466 832 2554 ἐμὲ
875 2466 986 2534 καὶ
1032 2465 1107 2534 σὲ
1153 2471 1532 2554 φιλήμεναι,
1582 2469 1735 2534 οὔτε
1778 2492 1843 2534 τι
1886 2479 2053 2535 νῶιν
2142 2485 2247 2537 265

233 2574 428 2660 ὅρκια
472 2575 781 2641 ἔσσονται
823 2578 985 2662 πρίν
1028 2572 1092 2659 γ’
1144 2575 1187 2660 ἢ
1233 2574 1461 2661 ἕτερόν
1504 2598 1581 2659 γε
1623 2577 1912 2642 πεσόντα

233 2680 507 2766 αἵματος
550 2675 704 2746 ἆσαι
730 2679 944 2768 ’Ἄρηα
986 2681 1391 2768 ταλαύρινον
1437 2685 1853 2767 πολεμιστήν.

233 2788 550 2870 παντοίης
594 2786 828 2873 ἀρετῆς
872 2789 1269 2872 μιμνήσκεο·
1313 2795 1443 2853 νῦν
1487 2802 1562 2853 σε
1606 2787 1779 2873 μάλα
1823 2790 1946 2874 χρὴ

234 2894 557 2977 αἰχμητήν
599 2888 659 2958 τ’
709 2895 937 2979 ἔμεναι
979 2890 1090 2958 καὶ
1131 2893 1512 2979 θαρσαλέον
1555 2897 1974 2978 πολεμιστήν.

236 2998 321 3064 ού
353 3021 460 3063 τοι
504 2994 593 3064 ἔτ’
648 2995 796 3065 ἔσθ’
833 2998 1181 3081 ὑπάλυξις,
1223 2999 1406 3083 ἄφαρ
1456 2997 1536 3063 δέ
1580 3014 1655 3063 σε
1701 2999 1969 3076 Παλλάς
2000 2993 2248 3084 Ἀθήνη

234 3106 410 3189 ἔγχει
454 3103 586 3193 ἐμῷ
635 3105 882 3191 δαμάᾳ·
927 3111 1058 3169 νῦν
1103 3097 1166 3169 δ’
1218 3101 1439 3187 ἀθρόα
1483 3098 1673 3168 πάντ’
1724 3102 2088 3188 ἀποτίσεις,
2146 3121 2248 3170 271

232 3206 422 3294 κήδε’
474 3209 651 3296 ἐμῶν
698 3210 971 3296 ἑτάρων,
1019 3207 1138 3287 οὓς
1183 3211 1446 3285 ἔκτανες
1481 3211 1660 3293 ἔγχει·
1696 3209 1957 3276 θύων.“

322 3311 364 3400 ἦ
411 3315 497 3401 ῥα
539 3313 649 3381 καὶ
694 3315 1093 3401 ἀμπεπαλὼν
1139 3316 1360 3401 προΐει
1395 3314 1813 3400 δολιχόσκιον
1859 3316 2074 3400 ἔγχος·

233 3419 346 3488 καὶ
389 3423 464 3487 τὸ
511 3418 632 3507 μὲν
679 3423 842 3488 ἄντα
889 3422 1053 3487 ἰδὼν
1090 3420 1374 3504 ἠλεύατο
1421 3422 1737 3505 φαίδιμος
1765 3417 2045 3502 Ἕκτωρ·

235 3510 412 3608 ἕζετο
448 3529 575 3612 γὰρ
612 3527 940 3613 προϊδών,
976 3529 1052 3593 τὸ
1092 3523 1158 3592 δ’
1189 3525 1561 3612 ὑπέρπτατο
1588 3525 1867 3609 χάλκεον
1896 3524 2113 3604 ἔγχος,
2150 3535 2255 3583 275
