2525 3884
241 171 368 236 136
1038 170 1349 223 ΙΑΙΑΔΟΣ
1384 171 1448 222 Σ.

235 311 505 401 λάρνακ’
550 314 618 392 ἐς
663 312 996 401 ἀργυρέην
1042 311 1426 395 συλλέξατο,
1472 321 1612 388 τοῖς
1656 310 1982 378 ἐπονεῖτο·

238 423 503 508 σπόγγῳ
550 416 613 484 δ’
657 415 827 503 ἀμφὶ
882 420 1200 504 πρόσωπα
1249 415 1359 482 καὶ
1403 417 1600 503 ἄμφω
1646 412 1808 502 χεῖρ’
1860 416 2248 503 ἀπομόργνυ

238 523 483 609 αὐχένα
526 547 598 590 τε
643 523 958 609 στιβαρὸν
1002 519 1112 589 καὶ
1157 524 1407 607 στήθεα
1451 524 1846 607 λαχνήεντα·
2143 539 2249 588 416

240 632 326 695 δῦ
370 626 445 695 δὲ
488 626 738 715 χιτῶν’,
785 628 890 695 ἕλε
937 625 1012 695 δὲ
1056 639 1390 714 σκῆπτρον
1433 628 1639 712 παχύ,
1686 631 1770 711 βῆ
1819 625 1892 693 δὲ
1935 630 2188 714 θύραζε

238 737 574 820 χωλεύων·
619 735 748 802 ὑπὸ
797 730 858 800 δ’
901 732 1266 819 ἀμφίπολοι
1313 734 1568 821 ῥώοντο
1612 735 1841 845 ἄνακτι

238 843 567 929 χρύσειαι,
609 844 805 926 ζωῇσι
850 843 1148 923 νεήνισιν
1193 842 1513 906 εἰοικυῖαι.

194 946 199 951 ’
243 956 358 1033 τῆς
404 948 477 1014 έν
522 944 646 1032 μὲν
690 948 847 1023 νόος
892 942 1030 1011 ἐστὶ
1074 946 1233 1030 μετὰ
1277 947 1547 1032 φρεσίν,
1596 945 1670 1012 ἐν
1717 942 1791 1012 δὲ
1834 944 1944 1012 καὶ
1988 947 2161 1032 αὐδὴ

239 1051 349 1118 καὶ
395 1051 668 1135 σθένος,
714 1050 1071 1116 ἀθανάτων
1118 1047 1192 1116 δὲ
1235 1056 1419 1117 θεων
1464 1052 1592 1116 ἄπο
1640 1054 1800 1138 ἔργα
1846 1058 2086 1119 ἴσασιν.
2145 1071 2255 1120 420

242 1160 318 1225 αἱ
356 1155 478 1243 μὲν
521 1158 779 1224 ὕπαιθα
824 1158 1104 1233 ἄνακτος
1149 1156 1542 1223 ἐποίπνυον·
1587 1157 1796 1244 αὐτὰρ
1843 1157 1879 1227 ὁ.
1925 1161 2142 1245 ἔρρων

240 1266 556 1348 πλησίον,
603 1265 772 1329 ἔνθα
818 1261 1008 1339 Θέτις
1049 1283 1171 1349 περ
1186 1310 1204 1346 ,
1257 1260 1363 1327 ἐπὶ
1404 1263 1668 1350 θρόνου
1713 1254 1804 1341 ἷζε
1849 1275 2163 1350 φαεινοῦ,

243 1374 317 1436 ἔν
361 1365 421 1434 τ’
461 1370 589 1456 ἄρα
643 1371 715 1436 οἰ
752 1377 850 1455 φῦ
904 1371 1102 1455 χειρί,
1159 1370 1316 1446 ἔπος
1355 1361 1415 1432 τ’
1458 1364 1645 1452 ἔφατ’
1689 1370 1761 1434 ἔκ
1804 1363 1863 1433 τ’
1904 1369 2254 1457 ὀνόμαζεν·
2339 1432 2346 1436 .
2469 1342 2470 1377 ³

242 1479 496 1560 ,,τίπτε,
544 1472 700 1541 Θέτι
740 1476 1140 1557 τανύπεπλε,
1188 1473 1438 1565 ἱκάνεις
1475 1472 1795 1561 ἡμέτερον
1840 1476 1934 1541 δῶ

244 1583 464 1665 αἰδοίη
508 1603 580 1647 τε
625 1584 785 1667 φίλη
830 1603 934 1659 τες
979 1580 1187 1666 πάρος
1228 1603 1307 1663 γε
1352 1576 1474 1666 μὲν
1520 1580 1603 1645 οὔ
1646 1604 1710 1645 τι
1751 1583 2071 1666 θαμίζειςζ
2148 1599 2257 1649 425

249 1688 451 1769 αὔδα,
497 1687 535 1752 ὅ
578 1709 645 1751 τι
688 1683 1016 1773 φρονέεις·
1061 1684 1319 1751 τελέσαι
1370 1683 1449 1772 δέ
1489 1709 1569 1770 με
1613 1688 1832 1770 θυμὸς
1874 1688 2164 1772 ἄνωγεν,

245 1796 310 1860 εἰ
353 1793 641 1877 δύναμαι
684 1789 942 1856 τελέσαι
984 1813 1063 1874 γε
1103 1788 1214 1856 καὶ
1259 1792 1324 1856 εἰ
1362 1790 1825 1877 τετελεσμένον
1871 1792 2113 1859 έστίν.“

332 1900 452 1964 τὸν
496 1894 559 1964 δ’
602 1893 887 1981 ἠμείβετ’
931 1899 1150 1962 ἔπειτα
1195 1894 1385 1974 Θέτις
1427 1898 1591 1963 κατὰ
1637 1898 1847 1984 δάκρυ
1890 1898 2161 1984 χέουσα·

245 2000 617 2091 ,ζἨφαιστ’,
661 1998 705 2087 ἧ
750 2004 878 2089 ἄρα
915 2004 999 2087 δή
1038 2025 1166 2087 τις,
1215 2003 1368 2068 ὅσαι
1399 2007 1564 2069 θεαί
1602 1997 1724 2069 εἰσ’
1767 2004 1841 2070 ἐν
1880 2000 2213 2093 Ὀλύμπῳ,
2347 1972 2352 1975 Ἦ
2389 1972 2399 1979 ‚
2481 2068 2482 2081 ἶ

244 2105 511 2176 τοσσάδ’
554 2106 654 2176 ἐνὶ
699 2106 938 2196 φρεσὶν
983 2099 1138 2194 ᾖσιν
1184 2104 1493 2192 ἀνέσχετο
1538 2110 1744 2192 κήδεα
1788 2110 2030 2195 λυγρά,
2151 2128 2263 2177 430
2374 2112 2380 2117 ’
2479 2150 2482 2167 ι

248 2212 390 2281 ὅσσ’
435 2212 581 2301 ἐμοὶ
626 2214 697 2280 ἐκ
740 2212 1006 2279 πασέων
1050 2214 1389 2299 Κρονίδης
1434 2215 1602 2291 Ζεὺς
1646 2212 1826 2298 ἄλγε’
1871 2216 2147 2295 ἔδωκεν;

249 2321 321 2387 ἐκ
364 2319 485 2406 μέν
530 2315 599 2406 μ’
638 2320 901 2385 ἀλλάων
946 2318 1195 2385 ἁλιάων
1239 2316 1437 2404 ἀνδρὶ
1483 2318 1847 2405 δάμασσεν,

248 2427 535 2513 Αἰακίδῃ
582 2429 831 2509 Πηλῆι,
875 2422 987 2491 καὶ
1031 2427 1225 2508 ἔτλην
1271 2423 1506 2510 ἀνέρος
1551 2425 1754 2509 εὐνὴν

248 2533 460 2597 πολλὰ
505 2525 655 2616 μάλ’
699 2530 822 2595 οὐκ
867 2529 1220 2596 ἐθέλουσα·
1264 2529 1303 2597 ὁ
1349 2527 1471 2614 μὲν
1518 2530 1602 2614 δὴ
1647 2534 1850 2617 γήραϊ
1890 2537 2113 2621 λυγρῷ

248 2648 456 2703 κεῖται
501 2633 603 2702 ἐνὶ
648 2636 957 2720 μεγάροις
1001 2633 1354 2720 ἀρημένος·
1399 2636 1566 2701 ἄλλα
1612 2636 1691 2702 δέ
1730 2661 1843 2722 μοι
1886 2647 2041 2703 νῦν·
2154 2655 2261 2706 435

250 2743 403 2809 υἱὸν
449 2741 596 2807 ἐπεί
632 2763 746 2825 μοι
793 2741 964 2806 δῶκε
1006 2739 1326 2824 γενέσθαι
1369 2763 1439 2806 τε
1483 2741 1816 2828 τραφέμεν
1860 2767 1958 2828 τε,
2101 2755 2106 2759 ’

253 2847 483 2933 ἔξοχον
526 2846 793 2933 ἡρώων·
842 2845 878 2911 ὁ
925 2841 988 2912 δ’
1031 2843 1403 2932 ἀνέδραμεν
1447 2849 1630 2934 ἔρνεϊ
1671 2843 1835 2926 ἶσος·

251 2955 372 3019 τὸν
416 2948 537 3038 μὲν
583 2952 710 3036 ἐγὼ
754 2950 1096 3037 θρέψασα,
1142 2953 1359 3037 φυτὸν
1405 2952 1494 3030 ὣς
1526 2977 1750 3042 γουνω
1799 2954 2042 3039 ἀλωῆς,

253 3055 497 3143 νηυσὶν
541 3056 941 3144 ἐπιπροέηκα
982 3060 1344 3141 κορωνίσιν
1377 3057 1583 3124 Ἴλιον
1629 3064 1784 3125 εἴσω

263 3160 481 3249 Τρωσὶ
525 3166 1014 3248 μαχησόμενον,
1059 3164 1178 3229 τὸν
1224 3159 1287 3229 δ’
1332 3163 1454 3249 οὐχ
1498 3164 1899 3250 ὑποδέξομαι
1944 3159 2132 3264 αὖτις
2158 3182 2258 3279 440

257 3269 481 3336 οἴκαδε
524 3269 967 3353 νοστήσαντα,
1015 3270 1225 3352 δόμον
1272 3269 1575 3352 Πηλήιον
1621 3276 1795 3336 εἴσω.

256 3377 435 3462 ὄφρα
481 3372 561 3441 δέ
600 3396 712 3459 μοι
759 3373 903 3453 ζωει
945 3371 1056 3440 καὶ
1101 3373 1227 3460 ὁρᾷ
1275 3374 1446 3459 φάος
1488 3374 1767 3460 ἠελίοιο,

256 3482 561 3566 ἄχνυται,
609 3478 773 3545 οὐδέ
812 3482 883 3544 τί
923 3480 994 3545 οί
1033 3479 1323 3564 δύναμαι
1366 3490 1764 3566 χραισμῆσαι
1811 3483 2023 3548 ἰοῦσα.
