2525 3884
295 203 383 268 46
1086 209 1388 260 ΙΛΙΑΔοΣ
1427 209 1490 261 ο.

304 347 386 413 οὐ
430 348 561 432 μὰν
608 344 764 433 οἷδ’,
814 352 877 416 εί
917 345 1072 417 αὖτε
1117 353 1569 437 κακορραφίης
1612 350 1951 434 ἀλεγεινῆς

295 455 521 539 πρώτη
568 455 892 542 ἐπαύρηαι
935 460 1054 523 καί
1090 474 1166 523 σε
1209 462 1542 542 πληγῇσιν
1589 457 1861 542 ἱμάσσω.

296 557 338 645 ἦ
386 562 469 627 οὐ
513 560 749 650 μέιινῃ,
797 564 906 630 ὅτε
947 586 1019 630 τε
1062 562 1280 649 κρέμω
1326 562 1638 642 ὑψόθενςἼ
1670 564 1741 629 ἐκ
1786 561 1861 629 δὲ
1903 564 2166 629 ποδοῖιν

295 669 585 752 ἄκμονας
626 665 752 754 ἦκα
797 671 959 754 δύω,
1005 668 1156 755 περὶ
1199 667 1386 756 χερσὶ
1432 665 1507 734 δὲ
1553 670 1798 754 δεσμὸν
1842 674 1993 752 ἴηλα

297 774 582 860 χρύσεον
629 777 980 862 ἄρρηκτον,
1027 778 1113 842 σὺ
1159 773 1221 842 δ’
1273 776 1348 842 ἐν
1393 773 1619 862 αὗθέρι
1661 773 1770 841 καὶ
1813 774 2173 862 νεφέλῃσιν
2231 793 2308 841 20

297 878 572 967 ἐκρέμω·
616 882 939 966 ἠλάστεον
984 880 1058 950 δὲ
1100 881 1254 949 θεοὶ
1298 883 1464 948 κατὰ
1504 884 1762 969 μακρὸν
1788 881 2150 968 Ὄλυμπον,

297 994 492 1053 λῦσαι
537 986 600 1054 δ’
653 989 776 1056 οὐκ
820 989 1146 1056 ἐδύναντο
1188 989 1642 1076 παρασταδόν·
1691 987 1771 1056 ὃν
1819 984 1895 1055 δὲ
1938 988 2228 1074 λάβοιμι,

299 1094 661 1178 ῥίπτασκον
703 1096 995 1180 τεταγὼν
1038 1096 1166 1163 ἀπὸ
1210 1100 1444 1181 βηλοῦ,
1490 1092 1646 1182 ὄφρ’
1698 1094 1783 1162 ἂν
1827 1096 2044 1180 ἵκηται

295 1209 424 1285 γῆν
470 1201 931 1288 ὀλιγηπελέων.
1003 1198 1115 1288 ἐμὲ
1161 1200 1224 1270 δ’
1278 1200 1446 1269 οὐδ’4
1477 1196 1566 1279 ὧς
1608 1203 1835 1286 θυμὸν
1879 1202 2051 1268 ἀνίει

300 1307 537 1392 ἀζηχὴς
583 1307 791 1392 ὀδύνη
830 1305 1196 1395 εΗρακλῆος
1238 1312 1480 1392 θείοιο,
2232 1323 2303 1373 26

295 1415 416 1480 τὸν
461 1416 546 1480 σὺ
590 1412 711 1493 ξὺν
755 1413 973 1503 Βορέῃ
1019 1413 1238 1504 ἀνέμφ
1284 1421 1661 1482 πεπιθοῦσα
1705 1415 1994 1494 θυέλλας

296 1518 554 1605 πέμψας
598 1519 698 1587 ἐπ’
751 1520 1112 1608 ἀτρύγετον
1156 1523 1405 1589 πόντον
1449 1524 1615 1588 κακὰ
1658 1525 1992 1608 μητιόωσα

295 1629 415 1691 καί
451 1651 568 1712 μιν
614 1630 832 1693 ἔπειτα
877 1622 1148 1693 Κόωνδ’
1199 1627 1277 1694 ἐὺ
1318 1627 1683 1713 ναιομένην
1727 1627 2085 1705 ἀπένεικας.

297 1734 416 1799 τὸν
459 1730 583 1819 μὲν
631 1732 805 1816 ἐγὼν
851 1736 1054 1799 ἔνθεν
1099 1733 1405 1819 ῥυσάμην
1449 1732 1559 1800 καὶ
1603 1734 1940 1819 ἀνήγαγον
1985 1729 2168 1810 αὖτις

277 1838 520 1926 ’Ἄργος
565 1839 632 1917 ἐς
678 1839 1059 1923 ίππόβοτον,
1106 1837 1217 1907 καὶ
1259 1841 1473 1905 πολλά
1516 1863 1637 1927 περ
1683 1840 2085 1925 ἀθλήσαντα.
2231 1857 2301 1906 30

295 1958 430 2012 τῶν
476 1943 539 2013 σ’
584 1941 770 2023 αὖτις
814 1948 1066 2030 μνήσω,
1113 1942 1201 2012 ἵν’
1255 1945 1623 2032 ἀπολλήξῃς
1666 1946 1999 2031 ἀπατάων,

299 2056 480 2139 ὄφρα
525 2055 693 2140 ἴδῃς,
739 2055 826 2136 ἤν
867 2074 974 2119 τοι
1017 2055 1305 2140 χραίσμῃ
1352 2056 1628 2139 φιλότης
1669 2076 1741 2120 τε
1782 2051 1894 2119 καὶ
1938 2054 2122 2138 εὐνή,

296 2159 383 2244 ἣν
427 2160 660 2245 ἐμίγης
706 2159 1004 2226 ἐλθοῦσα
1046 2165 1233 2225 θεῶν
1277 2160 1406 2226 ἄπο
1450 2162 1570 2225 καί
1607 2158 1675 2245 μ’
1728 2160 2122 2245 ἀπάτησας.“

387 2260 477 2343 ὧς
522 2267 715 2351 φάτο,
763 2265 1037 2351 ῥίγησεν
1083 2263 1158 2332 δὲ
1201 2269 1451 2351 βοῶπις
1492 2268 1730 2334 πότνια
1758 2264 1956 2351 “Hom

299 2375 417 2438 καί
455 2395 571 2456 μιν
621 2370 970 2456 φωνήσασ’
1023 2375 1180 2439 ἔπεα
1222 2375 1580 2458 πτερόεντα
1625 2374 1999 2459 προσηύδα·
2229 2391 2298 2440 35

298 2485 503 2562 ,,ἰ’στω
547 2486 676 2543 νῦν
721 2479 875 2544 τόδε
918 2489 1074 2563 γαῖα
1118 2477 1229 2547 καὶ
1275 2478 1561 2567 οὐρανὸς
1606 2478 1805 2566 εὐρὺς
1846 2480 2139 2565 ὕπερθεν

209 2678 215 2684 θ
295 2583 405 2651 καὶ
450 2585 526 2651 τὸ
570 2587 1044 2670 κατειβόμενον
1088 2586 1353 2668 Στυγὸς
1393 2586 1614 2670 ὕδωρ,
1661 2587 1734 2664 ὅς
1775 2609 1848 2652 τε
1891 2584 2194 2671 μέγιστος

296 2692 492 2778 ὅρκος
536 2691 911 2767 δεινότατός
951 2713 1024 2756 τε
1067 2689 1249 2758 πέλει
1294 2693 1653 2777 μακάρεσσι
1695 2699 1982 2777 θεοῖσιν,

299 2800 383 2882 σή
429 2792 507 2863 θ’
551 2797 694 2883 ἱερὴ
738 2798 994 2881 κεφαλὴ
1037 2794 1149 2862 καὶ
1191 2800 1515 2884 νωίτερον
1559 2796 1747 2884 λέχος
1791 2799 2011 2865 αὐτῶν

301 2905 671 2991 κουρίδιον,
714 2904 791 2970 τὸ
835 2900 959 3000 μὲν
1004 2903 1126 2970 οὐκ
1171 2902 1256 2970 ἂν
1294 2903 1423 2988 ἐγώ
1466 2926 1625 2972 ποτε
1670 2906 1811 2991 μὰψ
1857 2905 2192 2993 ὀμόσαιμι·
2229 2922 2296 2972 4ο

296 3011 385 3096 μὴ
433 3006 521 3076 δι’
575 3010 741 3094 ἐμὴν
787 3011 1010 3094 ἰότητα
1056 3010 1452 3077 Ποσειδάων
1497 3010 1870 3097 ἐνοσίχθων

290 3119 606 3203 πημαίνει
659 3117 892 3202 Τρῶάς
933 3138 1007 3182 τε
1049 3115 1160 3182 καὶ
1189 3114 1493 3204 Ἕκτορα,
1539 3127 1712 3183 τοῖσι
1758 3116 1821 3184 δ’
1872 3118 2120 3204 ἀρήγει,

294 3222 462 3289 ἀλλά
505 3243 639 3289 που
685 3222 891 3289 αὐτὸν
934 3224 1154 3308 θυμὸς
1199 3223 1547 3310 ἐποτρύνει
1589 3222 1701 3290 καὶ
1746 3224 2008 3309 ἀνώγει,

293 3326 722 3415 τειρομένους
767 3326 829 3394 δ’
881 3327 989 3396 ἐπὶ
1029 3328 1275 3413 νηυσὶν
1322 3331 1488 3396 ἰδὼν
1534 3328 1801 3414 ἐλέησεν
1840 3326 2168 3417 Ἀχαιούς·

293 3435 503 3520 αὐτάρ
546 3457 652 3502 τοι
694 3432 806 3501 καὶ
848 3437 1047 3525 κείνω
1094 3436 1222 3520 ἐγὼ
1264 3440 1880 3523 παραμυθησαίμην
2229 3455 2295 3503 45

294 3550 372 3627 τῇ
420 3548 588 3627 ἴμεν,
633 3531 676 3628 ᾖ
722 3565 836 3608 κεν
884 3543 966 3627 δὴ
1014 3542 1119 3625 σύ,
1164 3541 1567 3627 κελαινεφές,
1612 3542 2080 3629 ἡγεμονεύῃς.“
