2525 3884
995 210 1296 263 ῙΛῙΑΔοΣ
1332 212 1448 266 xv.
2138 215 2227 281 45

194 354 577 437 Μηριόνης
626 350 699 419 δὲ
743 354 993 438 Μόρυν
1036 375 1109 418 τε
1152 351 1264 419 καὶ
1300 347 1695 420 Ἱπποτίωνα
1740 354 2034 437 κατέκτα,

204 463 517 543 Τεῦκρος
562 455 637 525 δὲ
683 458 1069 544 Προθόωνά
1111 457 1171 524 τ’
1205 459 1488 545 ἐνήρατο
1532 459 1643 528 καὶ
1681 465 2095 549 Περιφήτην.
2124 481 2230 532 51⁶
2272 536 2278 541 ,

183 563 546 651 Ἀτρεΐδης
590 561 652 631 δ’
704 563 810 651 ἄρ’
861 560 1074 631 ἔπειθ’
1115 561 1133 589 ‘
1155 567 1546 650 Υπερήνορα
1588 568 1870 653 ποιμένα
1915 575 2097 637 λαῶν

192 667 381 739 οὖτα
426 672 592 737 κατὰ
636 671 962 757 λαπάρην,
1008 672 1120 737 διὰ
1163 669 1226 737 δ’
1281 676 1510 759 ἔντερα
1546 676 1784 758 χαλκὸς
1828 676 2131 761 ἄφυσσεν

194 779 509 865 δῃώσας·
553 778 733 863 ψυχὴ
781 774 855 844 δὲ
897 771 1040 844 κατ’
1092 776 1469 863 οὐταμένην
1515 779 1794 865 ὠτειλὴν

193 881 437 952 ἔσσυτ’
491 881 901 968 ἐπειγομένη,
944 884 1065 950 τὸν
1111 879 1187 950 δὲ
1231 887 1465 964 σκότος
1508 887 1666 954 ὄσσε
1709 887 2020 968 κάλυψεν.

193 994 581 1079 πλείστους
609 986 672 1056 δ’
724 995 894 1067 Αἴας
942 982 1117 1056 εἷλεν
1155 985 1409 1076 Ὀιλῆος
1448 994 1651 1078 ταχὺς
1693 994 1867 1072 υἱός·
2126 1013 2231 1062 520

196 1097 293 1164 οὐ
340 1097 474 1182 γάρ
519 1096 592 1162 οἵ
627 1118 728 1174 τις
771 1095 997 1181 ὁμοῖος
1040 1095 1439 1164 ἐπισπέσθαι
1482 1098 1687 1166 ποσὶν
1730 1096 1851 1184 ἦεν

194 1204 487 1290 ἀνδρῶν
527 1203 968 1289 τρεσσάντων,
1013 1202 1122 1270 ὅτε
1164 1226 1236 1269 τε
1284 1207 1452 1283 Ζεὺς
1498 1205 1570 1272 ἐν
1616 1209 1839 1291 φόβον
1884 1210 2071 1292 ὄρσῃ.

902 1678 1402 1758 ΙΛΙΑΔΟΣ
1482 1682 1569 1759 Ο.

536 1904 987 1984 Παλίωξις
1048 1908 1280 1991 παρὰ
1336 1919 1505 1974 τῶν
1558 1919 1804 1976 νεῶν.

309 2046 516 2134 αὐτὰρ
560 2045 701 2114 ἐπεὶ
747 2047 858 2113 διά
898 2069 970 2114 τε
1014 2049 1344 2126 σκόλοπας
1385 2047 1495 2114 καὶ
1537 2051 1800 2136 τάφρον
1846 2054 2092 2136 ἔβησαν

210 2155 600 2240 φεύγοντες,
643 2151 879 2219 πολλοὶ
923 2150 999 2220 δὲ
1044 2154 1252 2241 δάμεν
1297 2159 1592 2221 Δαναῶν
1636 2155 1766 2222 ὑπὸ
1808 2159 2060 2244 χερσίν,

210 2260 293 2326 οἱ
331 2255 451 2344 μὲν
497 2260 579 2344 δὴ
624 2255 778 2344 παρ’
832 2261 1107 2345 ὄχεσφιν
1154 2259 1512 2346 ἐρητύοντο
1557 2258 1887 2346 μένοντες,

209 2363 465 2453 χλωροὶ
507 2362 668 2431 ὑπαὶ
713 2366 953 2449 δείους,
997 2365 1475 2452 πεφοβημένοι,
1524 2369 1748 2454 ἔγρετο
1794 2367 1870 2437 δὲ
1915 2373 2085 2449 Ζεὺς

134 2476 179 2514 V
196 2471 389 2556 Ἴδης
431 2471 508 2538 ἐν
550 2479 884 2557 κορυφῇσι
926 2473 1104 2558 παρὰ
1145 2474 1616 2559 χρυσοθρόνου
1644 2471 1873 2562 ”Ηρης.
2193 2491 2225 2543 5

215 2586 342 2662 στῆ
386 2572 454 2644 δ’
503 2572 609 2664 ἄρ’
659 2576 950 2661 ἀναΐξας,
997 2579 1099 2644 ἴδε
1144 2575 1219 2644 δὲ
1276 2582 1505 2663 Τρῶας
1547 2578 1661 2646 καὶ
1699 2577 2020 2667 Ἀχαιούς,

212 2685 376 2762 τοὺς
418 2679 541 2767 μὲν
584 2681 1047 2769 ὀρινομένους,
1091 2686 1249 2762 τοὺς
1295 2681 1369 2750 δὲ
1412 2684 1806 2765 κλονέοντας
1851 2689 2136 2754 ὄπισθεν

209 2783 569 2875 Ἀργείους,
615 2790 775 2874 μετὰ
820 2787 900 2857 δέ
940 2807 1063 2875 σφι
1107 2791 1549 2859 Ποσειδάωνα
1595 2794 1863 2860 ἄνακτα.

175 2893 486 2981 ’Ἕκτορα
532 2890 601 2961 δ’
651 2894 728 2963 ἐν
770 2897 975 2985 πεδίῳ
1022 2898 1124 2962 ἴδε
1166 2901 1495 2983 κείμενον,
1541 2897 1714 2985 ἀμφὶ
1759 2894 1823 2965 δ’
1875 2897 2122 2986 ἑταῖροι

42 2984 47 2991 ’
218 2996 427 3068 εἵαθ’·
472 3001 509 3067 ὁ
540 2995 602 3067 δ’
636 3000 934 3091 ἀργαλέῳ
981 3000 1143 3088 ἔχετ’
1194 3004 1487 3089 ἄσθματι
1530 3014 1655 3092 κῆρ
1702 3005 2112 3089 ἀπινύσσων,
2155 3022 2222 3072 10

218 3099 357 3193 αἷμ’
406 3105 640 3192 ἐμέων,
688 3106 825 3173 ἐπεὶ
872 3108 955 3173 οὔ
999 3132 1116 3192 μιν
1160 3109 1621 3195 ἀφαυρότατος
1665 3106 1813 3196 βάλ’
1856 3108 2150 3197 Ἀχαιῶν.

216 3216 338 3280 τὸν
383 3210 458 3280 δὲ
504 3215 662 3280 ἰδὼν
709 3212 935 3299 ἐλέησε
978 3216 1189 3300 πατὴρ
1235 3216 1505 3303 ἀνδρῶν
1550 3241 1620 3283 τε
1664 3224 1848 3284 θεῶν
1891 3241 1984 3302 τε,

223 3320 408 3385 δεινὰ
454 3314 516 3385 δ’
567 3320 827 3407 ὑπόδρα
875 3322 1037 3386 ἰδὼν
1070 3318 1287 3408 1’Ἠρην
1331 3324 1499 3409 πρὸς
1543 3330 1767 3408 μῦθον
1813 3325 2052 3390 ἔειπεν·

182 3468 187 3475 -
219 3421 304 3510 ,,ἦ
348 3425 521 3510 μάλα
567 3427 650 3511 δὴ
695 3430 1104 3512 κακότεχνος,
1150 3427 1464 3513 ἀμήχανε,
1510 3431 1627 3506 σὸς
1672 3430 1889 3508 δόλος,
1917 3427 2115 3511 ’Ἠρη,

207 3527 488 3618 “Enopa
533 3534 684 3600 δῖον
729 3535 971 3599 ἔπαυσε
1015 3533 1244 3617 μάχης,
1291 3533 1585 3617 ἐφόβησε
1633 3528 1708 3595 δὲ
1752 3530 1971 3604 λαούς.
2155 3543 2221 3591 15
