2525 3884
210 149 365 217 178¹
1003 151 1307 204 muoz
1344 151 1412 203 Φ.

301 296 421 360 τὸν
469 289 530 360 δ’
581 290 666 361 αὖ
712 295 1097 378 Πηλεγόνος
1139 293 1565 378 προσεφώνεε
1610 292 1925 378 φαίδιμος
1967 291 2138 370 υίός·

210 402 559 485 ,,Πηλεΐδη
605 400 967 486 μεγάθυμε,
1012 402 1083 463 τί
1120 393 1162 481 ἦ
1207 397 1446 481 γενεὴν
1492 396 1824 483 ἐρεείνεις;

214 501 342 592 εἴμ’
394 506 466 573 ἐκ
509 507 837 590 Παιονίης
881 504 1234 591 ἐριβώλου,
1280 498 1520 586 τηλόθ’
1571 502 1838 587 ἐούσης,

212 615 516 691 Παίονας
551 612 803 698 ἄνδρας
838 611 1020 695 ἄγων
1059 608 1503 695 δολιχεγχέας·
1537 609 1659 692 ἥδε
1695 606 1776 674 δέ
1806 631 1920 692 μοι
1955 617 2085 675 νῦν
2125 625 2235 675 155

176 719 346 802 ,ἠὼς
392 717 733 801 ἑνδεκάτη,
779 710 875 782 ὅτ’
928 715 994 794 ἐς
1018 713 1230 781 Ἴλιον
1276 717 1656 798 εἰλήλουθα.

212 823 422 909 αὐτὰρ
469 819 615 907 ἐμοὶ
656 820 850 904 γενεὴ
896 818 963 898 ἐξ
1001 815 1219 898 Ἀξιοῦ
1263 818 1428 904 εὐρὺ
1473 817 1768 905 ῥέοντος,

214 924 475 1012 [Ἀξιοῦ,
524 927 598 1004 ὃς
640 926 990 992 κάλλιστον
1034 925 1219 1011 ὕδωρ
1268 922 1373 991 ἐπὶ
1416 935 1614 1009 γαῖαν
1658 925 1898 1010 ἵησιν,]

214 1035 289 1113 ὃς
331 1033 473 1100 τέκε
518 1034 872 1117 Πηλεγόνα
914 1032 1158 1097 κλυτὸν
1205 1034 1407 1116 ἔγχεΐ·
1449 1032 1568 1096 τὸν
1616 1027 1682 1097 δ’
1730 1030 1847 1116 ἐμέ
1888 1047 2094 1117 φασιν

212 1143 585 1224 γείνασθαι.
620 1145 751 1203 νῦν
787 1132 942 1204 αὖτε
970 1137 1363 1223 μαχώμεθα,
1402 1132 1666 1222 φαίδιμ’
1703 1132 2059 1222 Ἀχιλλεῦ.“
2123 1154 2239 1204 160

305 1239 393 1322 ὧς
437 1240 593 1329 φάτ’
645 1244 1028 1329 ἀπειλήσας,
1074 1243 1110 1309 ὁ
1159 1240 1220 1309 δ’
1274 1241 1583 1328 ἀνέσχετο
1632 1244 1774 1321 δῖος
1811 1237 2137 1328 Ἀχιλλεὺς

215 1351 526 1435 Πηλιάδα
569 1352 826 1437 μελίην·
873 1351 910 1416 ὁ
957 1348 1019 1415 δ’
1070 1348 1325 1436 ἁμαρτῇ
1371 1349 1694 1435 δούρασιν
1739 1346 1944 1434 ἀμφὶς

214 1457 393 1542 ἥρως
432 1451 918 1543 Ἀστεροπαῖος,
966 1454 1105 1522 ἐπεὶ
1147 1452 1512 1542 περιδέξιος
1552 1449 1699 1539 ἦεν·

213 1566 333 1627 καί
372 1558 434 1647 ῤ’
486 1561 682 1650 ἑτέρῳ
729 1559 850 1647 μὲν
898 1561 1093 1648 δουρὶ
1138 1563 1338 1638 σάκος
1380 1561 1611 1644 βάλεν,
1659 1556 1818 1627 οὐδὲ
1862 1562 2101 1647 διαπρὸ

218 1666 372 1754 ῥῆξε
420 1668 643 1745 σάκος·
688 1669 931 1753 χρυσὸς
973 1669 1100 1755 γὰρ
1146 1667 1451 1753 ἐρύκακε,
1500 1669 1683 1754 δῶρα
1725 1673 1946 1734 θεοῖο·
2125 1686 2236 1736 165

216 1782 307 1861 τῳ*
355 1768 419 1838 δ’
471 1770 667 1860 ἑτέρῳ
713 1795 829 1856 μιν
871 1780 1089 1856 πῆχυν
1135 1770 1543 1856 ἐπιγράβδην
1587 1772 1748 1856 βάλε
1789 1774 2007 1857 χειρὸς

220 1878 575 1963 δεξιτερῆς,
622 1878 782 1944 σύτο
830 1872 893 1943 δ’
947 1868 1106 1962 αἷμα
1151 1876 1562 1962 κελαινεφές·
1605 1877 1647 1962 ἡ
1695 1874 1756 1945 δ’
1807 1877 1972 1967 ὑπὲρ
2019 1881 2237 1947 αὐτοῦ

217 1989 372 2073 γαίῃ
420 1986 858 2071 ἐνεστήρικτο,
902 1982 1285 2069 λιλαιομένη
1328 1985 1528 2070 χροὸς
1571 1979 1741 2052 ἆσαι.

124 2132 129 2143 =
220 2093 527 2178 δεύτερος
561 2085 704 2156 αὖτ’
749 2087 1039 2175 Ἀχιλεὺς
1082 2092 1316 2174 μελίην
1364 2091 1735 2156 ἰθυπτίωνα

217 2185 652 2284 Ἀστεροπαίῳ
699 2196 900 2282 ἐφῆκε
943 2195 1419 2279 κατακτάμεναι
1464 2199 1858 2280 μενεαίνων·
2124 2214 2234 2264 170

215 2303 329 2370 καὶ
364 2313 486 2370 τοῦ
521 2302 642 2387 μέν
678 2296 740 2387 ῤ’
784 2302 1187 2388 ἀφάμαρτεν,
1234 2302 1272 2369 ὁ
1319 2302 1389 2368 δ’
1436 2302 1702 2387 ὑψηλὴν
1746 2303 1948 2386 βάλεν
1984 2305 2235 2388 ὄχθην,

220 2406 630 2498 μεσσοπαγὲς
684 2405 750 2474 δ’
802 2404 914 2495 ἄρ’
968 2411 1167 2493 ἔθηκε
1211 2404 1359 2474 κατ’
1423 2410 1633 2493 ὄχθης
1675 2412 1976 2493 μείλινον
2021 2412 2234 2494 ἔγχος.

219 2514 557 2599 Πηλεΐδης
604 2509 664 2579 δ’
717 2514 840 2600 ἄορ
878 2512 995 2593 ὀξὺ
1040 2513 1483 2600 ἐρυσσάμενος
1516 2515 1694 2600 παρὰ
1738 2524 1955 2601 μηροῦ

220 2616 360 2685 ἆλτ’
413 2619 526 2686 ἐπί
565 2619 636 2685 οἱ
674 2619 962 2703 μεμαώς·
1009 2619 1045 2685 ὁ
1093 2614 1156 2685 δ’
1207 2621 1336 2705 ἄρα
1379 2622 1612 2705 μελίην
1652 2617 1948 2706 Ἀχιλῆος

221 2726 304 2792 οὐ
351 2720 578 2793 δύνατ’
630 2725 702 2791 ἐκ
744 2735 1065 2809 κρημνοῖο
1113 2725 1386 2811 ἐρύσσαι
1430 2723 1601 2811 χειρὶ
1644 2729 1899 2813 παχείῃ.
2125 2744 2232 2794 175

219 2829 364 2918 τρὶς
408 2829 530 2915 μέν
575 2854 691 2915 μιν
733 2827 1073 2917 πελέμιξεν
1118 2829 1522 2917 ἐρύσσεσθαι
1565 2835 1960 2915 μενεαίνων,

220 2935 361 3024 τρὶς
407 2933 481 3002 δὲ
526 2942 772 3021 μεθῆκε
817 2939 992 3020 βίης·
1036 2938 1111 3002 τὸ
1159 2934 1233 3003 δὲ
1276 2935 1590 3023 τέτρατον
1631 2939 1835 3023 ἤθελε
1877 2944 2074 3026 θυμῷ

217 3038 368 3122 ἆξαι
412 3043 821 3128 ἐπιγνάμψας
867 3045 1033 3129 δόρυ
1078 3046 1377 3127 μείλινον
1419 3045 1777 3127 Αἰακίδαο,

221 3148 385 3215 ἀλλά
428 3147 586 3235 πρὶν
625 3145 914 3233 Ἀχιλεὺς
958 3150 1197 3233 σχεδὸν
1243 3151 1392 3236 ἄορι
1435 3150 1661 3233 θυμὸν
1707 3148 1986 3235 ἀπηύρα.

221 3254 505 3341 γαστέρα
530 3254 657 3340 γάρ
677 3277 791 3340 μιν
803 3255 967 3333 τύψε
986 3251 1155 3341 παρ’
1175 3255 1507 3340 ὀμφαλόν,
1536 3254 1608 3320 ἐκ
1636 3252 1698 3321 δ’
1731 3256 1859 3341 ἄρα
1884 3263 2088 3327 πᾶσαι
2125 3272 2230 3322 180
2293 3270 2300 3275 “

221 3361 424 3446 χύντο
468 3357 669 3445 χαμαὶ
712 3360 1013 3444 χολάδες·
1059 3361 1176 3426 τὸν
1222 3357 1298 3426 δὲ
1343 3362 1573 3437 σκότος
1619 3362 1775 3426 ὄσσε
1820 3361 2112 3440 κάλυψεν

217 3462 688 3549 ἀσθμαίνοντ’.
727 3462 1018 3549 Ἀχιλεὺς
1063 3463 1122 3530 δ’
1177 3463 1282 3550 ἄρ’
1337 3463 1438 3531 ἐνὶ
1481 3468 1842 3550 στήθεσσιν
1887 3467 2186 3548 ὀρούσας.

2477 0 2494 549 ΑᾼΑΙ--ψ--Δ--ι-ᾖψ
