2525 3884
295 198 382 263 84
1080 199 1382 251 mmor.
1417 198 1490 251 11.

293 343 506 429 ἄνδρα
547 343 804 426 θνητὸν
847 341 1069 425 ἐόντα,
1115 341 1317 406 πάλαι
1358 340 1790 428 πεπρωμένον
1834 346 2020 427 αἴσῃ,

294 447 387 526 ἂψ
433 445 684 525 ἐθέλεις
726 448 1050 513 θανάτοιο
1098 445 1420 532 δυσηχέος
1464 446 1886 526 ἐξαναλῦσαις

294 550 432 638 ἕρδ’
449 571 465 587 ·
511 552 672 633 ἀτὰρ
719 552 801 618 οὔ
845 575 948 617 τοι
992 553 1229 630 πάντες
1275 552 1663 639 ἐπαινέομεν
1705 549 1858 618 θεοὶ
1903 553 2111 617 ἄλλοι.

291 659 453 723 ἄλλο
501 657 581 724 δέ
618 682 722 724 τοι
768 658 959 745 ἐρέω,
1007 660 1092 724 σὺ
1139 654 1200 722 δ’
1246 655 1346 723 ἐνὶ
1392 656 1590 742 φρεσὶ
1636 658 1874 741 βάλλεο
1921 666 2151 743 σῇσιν·

293 770 370 830 αἴ
403 788 477 830 κε
524 765 650 844 ζὼν
694 763 952 850 πέμψῃς
997 764 1405 850 Σαρπηδόνα
1451 763 1607 828 ὅνδε
1653 764 1972 848 δόμονδε,
2199 779 2330 829 445

293 869 564 955 φράζεο,
612 872 700 953 μή
744 892 844 946 τις
887 871 1106 934 ἔπειτα
1149 874 1333 934 θεῶν
1379 867 1647 954 ἐθέλῃσι
1691 866 1800 933 καὶ
1845 870 2044 946 ἄλλος

297 974 575 1060 πέμπειν
620 974 702 1040 ὃν
747 979 949 1059 φίλον
991 975 1144 1039 υἱὸν
1189 973 1317 1039 ἀπὸ
1361 983 1676 1060 κρατερῆς
1716 974 2022 1058 ὑσμίνης·

291 1079 525 1146 πολλοὶ
566 1082 695 1166 γὰρ
739 1078 889 1165 περὶ
934 1081 1098 1145 ἄστυ
1143 1078 1310 1165 μέγα
1356 1081 1687 1165 Πριάμοιο
1734 1080 2052 1164 μάχονται

289 1184 464 1262 υἱέες
507 1184 895 1269 ἀθανάτων,
939 1197 1155 1251 τοῖσιν
1198 1189 1398 1251 κότον
1444 1186 1637 1251 αἰνὸν
1683 1185 1955 1269 ἐνήσεις.

152 1334 157 1339 ·
292 1286 438 1355 ἀλλ’
482 1297 550 1358 εἴ
583 1316 687 1358 τοι
732 1295 926 1376 φίλος
970 1292 1138 1375 ἐστί,
1182 1292 1336 1357 τεὸν
1381 1289 1441 1356 δ’
1487 1290 1885 1377 ὀλοφύρεται
1929 1286 2123 1389 ἦτορ,
2193 1307 2311 1356 450
2399 1374 2404 1377 ,
2495 1258 2501 1287 ⁴

291 1391 333 1480 ἦ
369 1418 476 1463 τοι
519 1394 642 1481 μέν
689 1421 804 1481 μιν
849 1399 1049 1463 ἔασον
1096 1395 1195 1463 ἐνὶ
1237 1404 1517 1481 κρατερῇ
1563 1396 1808 1482 ὑσμίνῃ
1909 1415 1914 1419 ·

291 1496 470 1587 χέρσ’
520 1502 650 1569 ὕπο
698 1504 1111 1587 Πατρόκλοιο
1158 1502 1607 1567 Μενοιτιάδαο
1655 1503 1970 1586 δαμῆναι·

293 1605 500 1693 αὐτὰρ
547 1607 710 1691 ἐπὴν
757 1608 840 1691 δὴ
884 1610 1003 1672 τόν
1047 1630 1123 1691 γε
1167 1610 1324 1691 λίπῃ
1370 1608 1547 1690 ψυχή
1590 1630 1661 1672 τε
1702 1605 1814 1672 καὶ
1859 1608 2055 1690 αἰών,

292 1711 569 1796 πέμπειν
614 1736 731 1797 μιν
776 1713 1080 1777 Θάνατόν
1125 1734 1193 1776 τε
1239 1709 1471 1796 φέρειν
1515 1709 1623 1777 καὶ
1668 1713 1972 1796 νήδυμον
2014 1710 2302 1796 1Ὕπνον,

294 1819 388 1894 είς
431 1818 469 1883 ὅ
511 1836 586 1880 κε
631 1817 715 1899 δὴ
759 1819 1013 1900 Λυκίης
1058 1815 1316 1901 εὐρείης
1365 1817 1577 1900 δῆμον
1622 1817 1920 1901 ἵκωνται,
2062 1830 2067 1836 ’
2159 1835 2324 1907 ,455

295 1924 464 1988 ἔνθα
508 1918 543 1988 ἕ
581 1922 985 2007 ταρχύσουσι
1027 1923 1421 2004 κασίγνητοί
1455 1944 1526 1986 τε
1572 1923 1709 1987 ἔται
1753 1945 1823 1987 τε
2003 1941 2012 1949 ·
2087 1936 2094 1943 “

292 2028 520 2116 τύμβῳ
563 2050 635 2092 τε
679 2029 884 2113 στήλῃ
927 2046 1024 2093 τε·
1068 2028 1142 2093 τὸ
1188 2028 1315 2112 γὰρ
1361 2025 1557 2110 γέρας
1602 2025 1738 2093 ἐστὶ
1781 2026 2205 2096 θανόντων.“

382 2127 472 2209 ὧς
515 2129 729 2216 ἔφατ’,
776 2128 922 2199 οὐδ’
964 2132 1251 2215 ἀπίθησε
1294 2131 1506 2217 πατὴρ
1557 2131 1828 2216 ἀνδρῶν·
1865 2156 1938 2199 τε
1980 2140 2166 2200 θεῶν
2208 2159 2298 2201 τε.

295 2236 724 2322 αἱματοέσσας
769 2234 843 2304 δὲ
887 2237 1128 2316 ψιάδας
1169 2234 1517 2322 κατέχευεν
1562 2239 1743 2322 ἔραζε
1791 2316 1794 2319 Α

293 2342 496 2407 παῖδα
540 2345 741 2424 φίλον
784 2352 1022 2426 τιμῶν,
1065 2344 1185 2407 τόν
1231 2341 1303 2407 οί
1341 2340 1724 2425 Πάτροκλος
1767 2328 2064 2427 ἔμελλεν,
2190 2362 2296 2413 460

295 2449 572 2531 φθίσειν
617 2446 691 2512 ἐν
744 2449 945 2531 Τροίῃ
992 2446 1371 2531 ἐριβώλακι,
1415 2448 1655 2530 τηλόθι
1698 2447 1962 2533 πάτρης.
1994 2443 2003 2450 ’

384 2552 455 2618 οἰ
492 2545 556 2617 δ’
597 2552 705 2617 ὅτε
751 2550 833 2633 δὴ
879 2551 1116 2636 σχεδὸν
1158 2547 1331 2634 ἦσαν
1374 2545 1476 2616 ἐπ’
1516 2550 1900 2635 ἀλλήλοισιν
1946 2555 2192 2638 ἰόντες,

295 2650 443 2723 ἔνθ’
484 2652 526 2739 ἦ
559 2679 665 2721 τοι
710 2655 1095 2739 Πάτροκλος
1138 2654 1523 2738 ἀγακλειτὸν
1566 2658 2042 2743 Θρασύδημον,

296 2762 370 2838 ὅς
413 2758 476 2846 ῤ’
517 2760 641 2843 ήὺς
682 2760 998 2844 θεράπων
1044 2762 1484 2846 Σαρπηδόνος
1525 2757 1644 2844 ἦεν
1687 2763 1994 2847 ἄνακτος,

293 2868 413 2931 τὸν
457 2867 617 2950 βάλε
658 2869 959 2950 νείαιραν
1002 2866 1166 2929 κατὰ
1208 2864 1522 2951 γαστέρα,
1569 2871 1727 2938 λῦσε
1771 2865 1847 2934 δὲ
1890 2880 2077 2952 γυῖα·
2192 2888 2289 2940 465

296 2971 675 3055 Σαρπηδὼν
722 2967 788 3035 δ’
830 2970 1035 3035 αὐτοῦ
1079 2965 1200 3054 μὲν
1245 2969 1619 3057 ἀπήμβροτε
1664 2970 1857 3058 δουρὶ
1905 2984 2162 3063 φαεινῷ

296 3076 603 3160 δεύτερος
646 3074 991 3161 ὁρμηθείς,
1036 3073 1072 3141 ὁ
1121 3072 1196 3140 δὲ
1241 3076 1563 3158 Πήδασον
1610 3076 1892 3143 οὔτασεν
1918 3079 2145 3146 ’ἵππον

296 3183 472 3265 ἔγχεϊ
514 3177 731 3257 δεξιὸν
776 3174 982 3263 ὦμον·
1028 3178 1064 3246 ὁ
1103 3177 1164 3244 δ’
1209 3183 1443 3266 ἔβραχε
1485 3182 1708 3263 θυμὸν
1752 3183 2047 3268 ἀίσθων,

293 3285 421 3351 κὰδ
465 3279 528 3350 δ’
571 3281 744 3350 ἔπεσ’
788 3283 862 3350 ἐν
896 3287 1157 3370 κονίῃσι
1202 3286 1458 3369 μακών,
1504 3284 1629 3350 ἀπὸ
1678 3281 1742 3351 δ’
1784 3290 2020 3355 ἔπτατο
2055 3296 2282 3378 θυμός.

294 3392 386 3457 τὼ
435 3384 508 3455 δὲ
553 3390 935 3474 διαστήτην,
979 3393 1163 3477 κρίκε
1207 3386 1283 3456 δὲ
1328 3392 1553 3473 ζυγόν,
1599 3388 1757 3472 ἡνία
1801 3391 1881 3457 δέ
1921 3409 2088 3478 σφιν
2189 3415 2280 3465 470

296 3490 592 3580 σύγχυτ’,
638 3492 776 3561 ἐπεὶ
821 3495 903 3579 δὴ
947 3506 1120 3561 κεῖτο
1164 3496 1497 3579 παρήορος
1541 3493 1614 3559 ἐν
1657 3499 1980 3580 κονίῃσιν.
