2525 3884
980 171 1282 222 mAAoz
1317 172 1459 223 m
2102 171 2230 236 145

184 311 536 390 ἀσκελέως
580 310 710 379 αἰεὶ
753 312 1205 398 μενεαινέμεν·
1251 310 1392 379 ἀλλ’
1445 314 1563 396 ἄγε
1606 319 1869 380 θᾶσσον

187 420 503 504 ὄτρυνον
545 420 913 504 πολεμόνδε
955 419 1123 505 κάρη
1169 421 1551 503 κομόωντας
1587 414 1917 504 Ἀχαιούς,

186 522 371 608 ὄφρ’
426 527 520 590 ἔτι
561 523 673 590 καὶ
724 524 970 610 Τρώων
1013 527 1409 610 πειρήσομαι
1452 525 1674 602 ἀντίος
1718 524 1971 609 ἐλθών,
2161 542 2229 592 ‘10

188 636 282 694 αἴ
321 628 391 694 κ’
440 625 714 697 ἐθέλωσ’
765 627 871 696 ἐπὶ
914 627 1158 713 νηυσὶν
1205 630 1446 696 ἰαύειν·
1491 629 1657 696 ἀλλά
1698 628 1829 696 τιν’
1883 636 2001 696 οἴω

188 735 550 813 ἀσπασίως
594 736 814 801 αὐτῶν
855 737 1026 819 γόνυ
1070 735 1385 820 κάμψειν,
1433 735 1505 812 ὅς
1547 759 1623 801 κε
1667 737 1962 822 φύγῃσιν

192 842 411 925 δηίου
456 842 532 908 ἐκ
572 839 885 924 πολέμοιο
931 833 1045 905 ὑπ’
1096 843 1320 925 ἔγχεος
1362 838 1769 927 ἡμετέροιο.“

289 942 389 1024 ὧς
434 943 667 1032 ἔφαθ’,
713 946 785 1011 οἰ
824 942 885 1011 δ’
938 944 1266 1029 ἐχάρησαν
1311 945 1697 1031 ἐυκνήμιδες
1734 945 1981 1034 Ἀχαιοὶ

193 1062 414 1138 μῆνιν
462 1052 852 1127 ἀπειπόντος
896 1051 1289 1135 μεγαθύμου
1336 1056 1737 1136 Πηλεΐωνος.
2160 1070 2224 1120 '15

192 1169 385 1224 τοῖσι
431 1156 506 1224 δὲ
547 1156 661 1224 καὶ
703 1156 1036 1243 μετέειπεν
1081 1155 1244 1235 ἄναξ
1289 1155 1555 1243 ἀνδρῶν
1594 1152 2016 1244 Ἀγαμέμνων

198 1266 535 1347 [αὐτόθεν
580 1262 649 1342 ἐξ
694 1263 912 1349 ἕδρης,
959 1256 1107 1326 οὐδ’
1147 1261 1222 1327 ἐν
1265 1261 1610 1346 μέσσοισιν
1654 1262 1939 1341 ἀναστάς
1949 1267 1992 1346 ·]

196 1367 306 1456 »ὦ
355 1374 546 1455 φίλοι
588 1370 799 1455 ἥρωες
841 1370 1131 1451 Δαναοί,
1177 1368 1586 1453 θεράποντες
1611 1367 1881 1454 Ἄρηος,

199 1477 526 1554 ἑστεῶτος
571 1474 693 1560 μὲν
735 1476 940 1541 καλὸν
985 1472 1338 1558 ἀκουέμεν,
1385 1470 1544 1538 οὐδὲ
1589 1475 1803 1540 ἔοικεν

201 1583 573 1667 ὑββάλλειν
591 1603 604 1616 ·
651 1581 937 1666 χαλεπὸν
980 1581 1108 1666 γὰρ
1154 1577 1563 1668 ἐπισταμένῳ
1608 1602 1729 1668 περ
1775 1580 1969 1647 ἐόντι.
2154 1600 2223 1650 80

202 1689 479 1775 ἀνδρῶν
525 1684 586 1754 δ’
641 1687 714 1753 ἐν
756 1692 977 1775 πολλῷ
1027 1686 1253 1773 ὁμάδῳ
1298 1695 1437 1763 πῶς
1479 1684 1596 1752 κέν
1639 1710 1737 1764 τις
1782 1688 2063 1754 ἀκούσαι

204 1796 248 1880 ἢ
301 1801 499 1878 εἴποις
544 1793 855 1876 βλάβεται
902 1789 976 1857 δὲ
1021 1792 1211 1875 λιγύς
1252 1813 1376 1878 περ
1423 1792 1551 1858 ἐὼν
1595 1793 1937 1880 ἀγορητής.

211 1901 509 1985 Πηλεΐδῃ
556 1894 678 1983 μὲν
722 1898 893 1981 ἐγὼν
938 1897 1336 1982 ἐνδείξομαι·
1382 1899 1589 1984 αὐτὰρ
1636 1900 1706 1964 oc
1745 1900 1934 1965 ἄλλοι

212 2001 544 2072 σύνθεσθ’
590 2001 901 2091 Ἀργεῖοι,
948 2007 1172 2087 μῦθόν
1214 2002 1273 2068 τ’
1326 1999 1402 2070 εὖ
1445 2015 1655 2087 γνῶτε
1701 2003 1985 2082 ἕκαστος.

210 2113 491 2178 πολλάκι
537 2113 619 2195 δή
665 2134 780 2195 μοι
820 2118 1060 2175 τοῦτον
1100 2108 1347 2194 Ἀχαιοὶ
1392 2116 1618 2193 μῦθον
1663 2112 1914 2193 ἔειπον,
2155 2127 2221 2178 85

214 2221 333 2284 καί
368 2217 443 2283 τέ
482 2240 562 2302 με
605 2220 1029 2283 νεικείεσκον·
1077 2215 1204 2299 ἐγὼ
1251 2213 1313 2281 δ’
1367 2215 1492 2281 οὐκ
1535 2217 1742 2293 αἴτιός
1784 2218 1945 2300 εἰμι,

218 2324 381 2390 ἀλλὰ
425 2326 591 2401 Ζεὺς
633 2322 742 2389 καὶ
788 2334 984 2409 μοῖρα
1027 2320 1138 2388 καὶ
1180 2323 1559 2408 ἠεροφοῖτις
1604 2322 1853 2407 ἐρινύς,

221 2431 292 2496 οἵ
326 2428 403 2495 τέ
440 2453 552 2514 μοι
596 2431 696 2495 εἰν
742 2429 950 2516 ἀγορῇ
996 2427 1236 2515 φρεσὶν
1281 2431 1568 2512 ἔμβαλον
1605 2430 1839 2514 ἄγριον
1883 2430 2048 2512 ἄτην

219 2537 411 2621 ἤματι
451 2544 565 2624 τῷ,
612 2529 705 2601 ὅτ’
750 2530 1083 2620 Ἀχιλλῆος
1126 2533 1325 2619 γέρας
1368 2535 1565 2612 αὐτὸς
1609 2534 1945 2621 ἀπηύρων.

222 2643 381 2708 ἀλλὰ
420 2645 492 2706 τί
527 2666 644 2708 κεν
687 2640 968 2727 ρέξαιμις
1015 2643 1176 2718 θεὸς
1221 2641 1333 2706 διὰ
1376 2640 1588 2706 πάντα
1631 2646 1918 2728 τελευτᾷ.
2152 2658 2221 2707 90

222 2747 467 2834 πρέσβα
509 2749 678 2825 Διὸς
718 2748 1022 2833 θυγάτηρ
1051 2746 1241 2831 Ἄτη,
1287 2747 1329 2830 ἣ
1376 2747 1623 2824 πάντας
1667 2748 1887 2830 ἀᾶται,

226 2851 568 2938 οὐλομένη·
612 2861 692 2939 τῇ
737 2852 859 2938 μέν
900 2850 975 2917 θ’
1029 2850 1268 2917 ἁπαλοὶ
1312 2854 1536 2930 πόδες·
1585 2851 1666 2918 οὐ
1710 2854 1835 2937 γὰρ
1882 2849 1981 2917 ἐπ’
2036 2851 2218 2917 οὔδει

224 2963 539 3044 πίλναται,
584 2956 726 3025 ἀλλ’
778 2960 906 3045 ἄρα
949 2959 993 3041 ’ἦ
1037 2980 1112 3041 γε
1156 2955 1299 3022 κατ’
1352 2958 1622 3044 ἀνδρῶν
1663 2957 1911 3044 κράατα
1955 2959 2170 3042 βαίνει

228 3060 574 3151 βλάπτουσ’
615 3065 1039 3151 ἀνθρώπους·
1077 3065 1240 3128 κατὰ
1278 3059 1341 3127 δ’
1386 3057 1511 3128 οὖν
1548 3062 1774 3149 ἔτερόν
1809 3087 1885 3146 γε
1919 3061 2220 3148 πέδησεν.

227 3168 330 3237 καὶ
367 3172 490 3257 γὰρ
537 3172 621 3254 δή
664 3161 753 3236 νύ
795 3191 952 3235 ποτε
1000 3163 1159 3251 Ζῆν’
1209 3169 1446 3251 ἄσατο,
1490 3170 1609 3234 τόν
1653 3190 1775 3255 περ
1822 3171 2092 3256 ἄριστον
2153 3186 2219 3236 95

228 3277 479 3364 ἀνδρῶν
520 3273 641 3360 ἠδὲ
683 3283 866 3342 θεῶν
912 3272 1070 3360 φασ’
1125 3276 1424 3358 ἔμμεναι·
1469 3272 1612 3340 ἀλλ’
1666 3275 1793 3360 ἄρα
1837 3272 1946 3341 καὶ
1989 3276 2107 3341 τὸν

223 3375 375 3470 ’Ἡρη
416 3374 632 3467 θῆλυς
676 3382 876 3448 ἐοῦσα
922 3381 1427 3467 δολοφροσύνῃς
1473 3380 1800 3463 ἀπάτησεν

230 3488 407 3574 ἤματι
448 3498 571 3576 τῷ,
618 3485 713 3554 ὅτ’
765 3491 990 3573 ἔμελλε
1036 3490 1192 3571 βίην
1227 3484 1665 3572 Ἡρακληείην

325 3604 516 3643 Eoum
549 3604 700 3642 Inus.
726 3601 788 3641 n.
1833 3591 1898 3638 10

158 2742 171 2783 ί
