2525 3884
1055 211 1357 264 ῑΜΑΔοΣ
1393 213 1506 266 XV.
2184 211 2269 277 53

232 350 631 434 φεύγοντες
675 353 838 435 νῆάς
880 375 950 417 τε
994 349 1105 416 καὶ
1131 349 1620 437 Ἑλλήσποντον
1665 355 1952 421 ἵκωνται.

228 463 491 522 κεῖθεν
539 455 601 549 δ’
654 457 846 534 αὐτὸς
891 457 1018 539 ἐγὼ
1064 459 1405 544 φράσομαι
1450 462 1647 545 ἔργον
1691 484 1762 526 τε
1805 464 1960 539 ἔπος
1994 484 2095 544 τε,

237 562 346 638 ὥς
391 586 468 628 κε
503 561 612 628 καὶ
659 558 843 640 αὖτις
880 560 1127 648 Ἀχαιοὶ
1172 565 1636 631 ἀναπνεύσωσι
1679 569 1978 632 πόνοιο.“
2164 583 2268 634 236

348 663 444 745 ὧς
486 665 704 754 ἔφατ’,
750 662 902 733 οὐδ’
934 669 1063 754 ἄρα
1096 672 1345 755 πατρὸς
1389 671 1884 756 ἀνηκούστησεν
1914 667 2268 756 Ἀπόλλων,

242 777 343 858 βῆ
395 771 470 841 δὲ
513 770 655 840 κατ’
698 772 961 839 Ἰδαίων
1006 775 1219 861 ὀρέων
1266 783 1444 861 ἴρηκι
1488 778 1717 855 ἐοικὼς

247 864 420 944 ὦκέι
465 883 907 967 φασσοφόνῳ,
953 880 1028 957 ὅς
1069 875 1133 945 τ’
1182 882 1457 960 ὤκιστος
1499 893 1852 966 πετεηνῶν.

205 1053 209 1056 ,
246 972 407 1071 εὗρ’
456 986 608 1051 υίὸν
654 986 985 1071 Πριάμοιο
1031 987 1429 1072 δαΐφρονος,
1458 987 1740 1074 Ἕκτορα
1786 990 1965 1073 δῖον,

247 1094 546 1177 ἥμενον,
586 1086 863 1157 οὐδ’.ἔτι
898 1102 1105 1175 κεῖτο,
1151 1090 1311 1158 νέον
1341 1090 1403 1158 δ’
1438 1094 1809 1180 ἐσαγείρετο
1853 1099 2108 1181 θυμόν,
2158 1112 2262 1162 240

256 1196 437 1282 ἀμφὶ
481 1199 517 1263 ἓ
556 1198 948 1281 γιγνώσκων
994 1195 1296 1282 ἑτάρους,
1343 1199 1505 1286 ἀτὰρ
1552 1195 1779 1285 ἆσθμα
1822 1201 1932 1268 καὶ
1979 1202 2179 1280 ἱδρὼς

251 1301 514 1387 παύετ’,
559 1303 707 1369 ἐπεί
744 1328 858 1389 μιν
904 1306 1115 1389 ἔγειρε
1158 1307 1328 1382 Διὸς
1370 1308 1528 1382 νόος
1572 1308 1912 1391 αἰγιόχοιο.

254 1411 469 1494 ἀγχοῦ
514 1408 575 1474 δ’
629 1409 973 1492 ἱστάμενος
1015 1408 1318 1495 προσέφη
1366 1408 1672 1496 ἑκάεργος
1711 1408 2043 1478 Ἀπόλλων

250 1515 525 1601 ,,’Ἐκτορ
570 1512 675 1580 υίὲ
722 1514 1085 1600 Πριάμοιο,
1141 1518 1213 1579 τί
1248 1511 1292 1599 ἦ
1340 1512 1415 1581 δὲ
1460 1519 1545 1581 σὺ
1589 1520 1837 1603 νόσφιν
1883 1516 1991 1583 ἀπ’
2044 1519 2264 1584 ἄλλων

248 1618 365 1706 ἧσ’
400 1620 888 1705 -ὀλιγηπελέωνς
939 1616 980 1704 ἦ
1016 1622 1148 1686 πού
1192 1625 1263 1686 τί
1303 1638 1378 1687 σε
1420 1624 1621 1707 κῆδος
1668 1625 1956 1704 ἰκάνει;“
2160 1641 2262 1691 245

343 1729 464 1793 τὸν
509 1724 570 1793 δ’
622 1725 1111 1812 ὀλιγοδρανέων
1155 1728 1458 1815 προσέφη
1505 1735 1950 1817 κορυθαίολος
1979 1730 2263 1815 ”Εκτωρ·

247 1836 404 1918 ,,τίς
449 1831 522 1899 δὲ
558 1835 643 1899 σύ
689 1833 864 1916 ἐσσι,
911 1833 1208 1918 φέριστε,
1254 1840 1468 1918 θεῶν,
1515 1836 1587 1913 ὅς
1624 1834 1689 1921 μ’
1743 1842 1946 1922 εἴρεαι
1993 1838 2225 1922 ἅντηνς

249 1939 382 2004 οὐκ
427 1938 617 2022 ἀίεις,
666 1939 703 2004 ὅ
749 1962 828 2023 με
871 1937 1115 2022 νηυσὶν
1162 1942 1268 2005 ἔπι
1312 1949 1692 2026 πρυμνῇσιν
1730 1940 2008 2026 Ἀχαιῶν

250 2045 377 2121 οὓς
413 2042 685 2129 ἑτάρους
730 2044 1042 2110 ὀλέκοντα
1088 2046 1255 2129 βοὴν
1302 2045 1557 2129 ἀγαθὸς
1601 2046 1803 2129 βάλεν
1847 2052 2017 2122 Αἴας

248 2152 586 2239 χερμαδίῳ
623 2152 788 2236 πρὸς
826 2156 1102 2234 στῆθος,
1143 2153 1386 2216 ἔπαυσε
1425 2148 1499 2216 δὲ
1535 2150 1859 2236 θούριδος
1894 2151 2118 2236 ἀλκῆς;
2157 2169 2260 2218 250

248 2256 367 2321 καὶ
415 2258 495 2340 δὴ
542 2257 670 2340 ἐγώ
715 2253 782 2339 γ’
835 2255 1098 2340 ἐφάμην
1143 2256 1381 2332 νέκυας
1425 2254 1534 2321 καὶ
1583 2254 1746 2341 δῶμ’
1793 2251 2013 2323 Ἀίδαο

255 2366 460 2448 ἤματι
504 2360 661 2450 τῷδ’
715 2360 1005 2444 ἵξεσθαι,
1054 2360 1192 2427 ἐπεὶ
1237 2365 1440 2445 φίλον
1486 2363 1637 2428 ἄιον
1681 2357 1908 2449 ἦτορ.“

346 2470 464 2534 τὸν
518 2466 580 2534 δ’
634 2463 790 2533 αὖτε
834 2466 1225 2554 προσέειπεν
1271 2467 1461 2552 ἅναξ,
1507 2467 1814 2556 ἑκάεργος
1852 2465 2212 2537 Ἀπόλλων·

251 2576 541 2660 ,,θάρσει
585 2584 740 2640 νῦν·
786 2578 971 2640 τοῖόν
1015 2598 1118 2639 τοι
1165 2574 1542 2661 ἀοσσητῆρα
1586 2580 1900 2663 Κρονίων

254 2681 323 2760 ἐξ
351 2681 534 2764 Ἴδης
577 2681 858 2767 προέηκε
900 2681 1383 2765 παρεστάμεναι
1427 2680 1537 2747 καὶ
1584 2682 1892 2768 ἀμύνειν,
2153 2700 2253 2750 255

260 2792 515 2873 Φοῖβον
554 2781 931 2853 Ἀπόλλωνα
974 2788 1382 2873 χρυσάορον,
1431 2789 1504 2865 ὅς
1548 2804 1622 2853 σε
1666 2789 1873 2890 πάρος
1917 2810 2039 2875 περ

256 2891 480 2978 ῥύομ’,
527 2893 702 2977 ὁμῶς
748 2892 951 2957 αὐτόν
987 2915 1057 2956 τε
1100 2890 1209 2957 καὶ
1257 2894 1558 2958 αἰπεινὸν
1602 2896 2021 2978 πτολίεθρον.

255 2994 398 3066 ἀλλ’
449 3001 564 3083 ἄγε
610 3008 738 3064 νῦν
784 3000 1092 3063 ἱππεῦσιν
1137 2997 1504 3083 ἐπότρυνον
1548 2999 1897 3064 πολέεσσιν

253 3103 498 3189 νηυσὶν
543 3107 649 3171 ἔπι
693 3109 1117 3189 γλαφυρῇσιν
1163 3103 1520 3187 ἐλαυνέμεν
1568 3103 1773 3181 ὠκέας
1817 3106 2083 3183 ἵππους·

253 3211 464 3297 αὐτὰρ
508 3209 636 3294 ἐγὼ
681 3210 1097 3295 προπάροιθε
1141 3211 1306 3274 κιὼν
1353 3210 1610 3276 ἵπποισι
1652 3210 1976 3277 κέλευθον
2155 3229 2258 3280 260

251 3327 470 3383 πᾶσαν
518 3315 821 3398 λειανέω,
867 3314 1088 3400 τρέψω
1137 3309 1199 3379 δ’
1248 3315 1470 3401 ἥρωας
1509 3313 1873 3401 Ἀχαιούς.“

341 3419 429 3500 ὧς
467 3423 669 3488 εἰπὼν
707 3423 1028 3505 ἔμπνευσε
1065 3418 1265 3505 μένος
1309 3419 1474 3505 μέγα
1508 3420 1772 3505 ποιμένι
1818 3426 2015 3486 λαῶν.

253 3531 341 3605 ὡς
389 3526 447 3594 δ’
505 3528 612 3592 ὅτε
659 3548 757 3601 τις
803 3525 1035 3600 στατὸς
1079 3525 1305 3606 ἵππος,
1354 3524 1718 3604 ἀκοστήσας
1764 3522 1868 3585 ἐπὶ
1914 3524 2158 3604 φάτνῃ,
