2525 3884
931 207 1233 258 IAIAAoz'.
1269 207 1467 258 xvm.
2074 204 2195 267 141

201 351 498 426 πλεκτοῖς
540 348 613 416 ἐν
656 348 1000 434 ταλάροισι
1045 346 1256 434 φέρον
1303 346 1613 431 μελιηδέα
1656 351 1927 433 καρπόν.

200 464 418 518 τοῖσιν
461 449 520 519 δ’
570 455 644 520 ἐν
690 452 990 538 μέσσοισι
1033 454 1186 531 πάις
1232 456 1554 539 φόρμιγγι
1597 457 1806 539 λιγείῃ

205 559 463 643 ἱμερόεν
506 560 834 645 κιθάριζε,
882 563 1073 625 λίνον
1119 557 1180 625 δ’
1225 560 1355 625 ὑπὸ
1400 560 1604 624 καλὸν
1648 560 1868 625 ἄειδεν
2100 574 2204 626 570

204 664 510 752 λεπταλέῃ
558 675 780 751 φωνῇ·
825 663 928 731 τοὶ
973 663 1048 731 δὲ
1094 665 1452 750 ῥήσσοντες
1496 665 1750 750 ἁμαρτῇ

204 776 415 857 μολπῇ
455 769 513 836 τ’
559 775 772 859 ἰυγμῷ
817 795 888 837 τε
932 769 1089 837 ποσὶ
1134 775 1516 858 σκαίροντες
1559 770 1816 837 ἕποντο.

302 877 366 943 ἐν
408 876 468 944 δ’
512 878 756 962 ἀγέλην
799 880 1034 963 ποίησε
1080 881 1260 960 βοῶν
1305 877 1841 964 ὀρθοκραιράων·

207 984 288 1046 αἱ
323 981 390 1050 δὲ
432 986 586 1067 βόες
628 994 903 1069 χρυσοῖο
948 985 1293 1069 τετεύχατο
1337 983 1725 1070 κασσιτέρου
1769 1006 1869 1068 τε,

206 1097 525 1177 μυκηθμῷ
577 1088 639 1154 δ’
682 1089 809 1156 ἀπὸ
855 1091 1108 1177 κόπρου
1154 1089 1584 1156 ἐπεσσεύοντο
1634 1093 1922 1176 νομόνδε
2102 1107 2205 1159 575

205 1196 334 1280 πὰρ
367 1196 669 1278 ποταμὸν
712 1195 1105 1279 κελάδοντα,
1151 1195 1328 1280 παρὰ
1372 1194 1665 1280 ῥοδανὸν
1710 1197 2019 1280 δονακῆα.

206 1301 493 1385 χρύσειοι
540 1298 614 1366 δὲ
659 1308 900 1384 νομῆες
945 1295 1055 1384 ἅμ’
1096 1299 1487 1385 ἐστιχόωντο
1535 1302 1804 1382 βόεσσιν

210 1403 537 1492 τέσσαρες,
597 1404 791 1471 ἐννέα
837 1405 916 1471 δέ
956 1422 1079 1490 σφι
1123 1406 1319 1482 κύνες
1361 1405 1570 1482 πόδας
1616 1403 1809 1492 ἀργοὶ
1853 1405 2107 1473 ἕποντο.

211 1510 580 1599 σμερδαλέω
628 1508 702 1576 δὲ
745 1509 972 1576 λέοντε
1018 1505 1124 1576 δύ’
1167 1511 1240 1577 έν
1284 1512 1578 1597 πρώτῃσι
1624 1513 1896 1595 βόεσσιν

209 1626 444 1703 ταῦρον
491 1618 868 1703 ἐρύγμηλον
914 1616 1165 1701 ἐχέτην·
1212 1616 1250 1683 ὁ
1298 1614 1372 1682 δὲ
1416 1618 1631 1703 μακρὰ
1676 1619 1977 1703 μεμυκὼς
2103 1635 2207 1686 580

208 1721 448 1790 ἕλκετο·
491 1724 615 1787 τὸν
661 1719 735 1788 δὲ
777 1723 975 1800 κύνες
1017 1725 1414 1808 μετεκίαθον
1456 1721 1569 1806 ἠδ’
1613 1726 1841 1809 αἰζηοί.
2020 1737 2026 1743 ’

208 1828 294 1892 τὼ
339 1826 458 1914 μὲν
504 1827 951 1914 ἀναρρήξαντε
997 1830 1155 1913 βοὸς
1199 1830 1508 1913 μεγάλοιο
1546 1833 1775 1916 βοείην

208 1936 439 2018 ἔγκατα
483 1932 595 2000 καὶ
640 1932 844 2018 μέλαν
890 1927 1047 2019 αἷμα
1091 1936 1546 2020 λαφύσσετον,
1593 1937 1665 2000 οί
1706 1934 1780 2002 δὲ
1822 1945 2062 2021 νομῆες

209 2040 418 2119 αὔτως
463 2041 769 2107 ἐνδίεσαν
811 2039 1044 2125 ταχέας
1086 2042 1293 2117 κύνας
1336 2040 1752 2127 ὀτρύνοντες·

212 2146 280 2210 οἱ
317 2145 379 2212 δ’
418 2138 462 2231 ἦ
507 2170 612 2214 τοι
658 2146 918 2213 δακέειν
962 2145 1084 2232 μὲν
1130 2147 1606 2234 ἀπετρωπῶντο
1654 2149 1972 2231 λεόντων,
2101 2163 2204 2214 585

214 2250 542 2338 ίστάμενοι
590 2250 664 2318 δὲ
709 2250 857 2337 μάλ’
902 2253 1099 2337 ἐγγὺς
1142 2253 1462 2319 ὑλάκτεον
1508 2255 1580 2318 ἔκ
1623 2247 1676 2316 τ’
1727 2252 2016 2319 ἀλέοντο.

298 2358 368 2423 ἐν
414 2356 489 2424 δὲ
533 2359 745 2442 νομὸν
790 2361 1021 2442 ποίησε
1066 2360 1452 2445 περικλυτὸς
1495 2357 1920 2444 ἀμφιγυήεις,

215 2461 285 2527 ἐν
326 2470 490 2550 καλῇ
537 2469 782 2552 βήσσῃ,
828 2463 1037 2549 μέγαν
1082 2467 1243 2530 οίῶν
1289 2464 1703 2551 ἀργεννάων,

170 2592 183 2605 ’
214 2571 550 2655 σταθμούς
591 2592 662 2636 τε
706 2574 960 2648 κλισίας
1003 2593 1073 2636 τε
1116 2571 1522 2658 κατηρεφέας
1568 2568 1667 2638 ἰδὲ
1713 2573 1973 2655 σηκούς.

301 2675 401 2757 [έν
448 2673 522 2742 δὲ
565 2678 770 2763 χορὸν
814 2680 1106 2743 ποίκιλλε
1150 2679 1535 2763 περικλυτὸς
1580 2678 1975 2762 ἀμφιγυήεις
2107 2694 2211 2743 590

208 2790 297 2872 τῷ
345 2787 595 2866 ἴκελον,
644 2775 790 2849 οἶόν
832 2779 976 2848 ποτ’
1022 2781 1124 2848 ἐνὶ
1166 2786 1425 2871 Κνωσῷ
1472 2783 1693 2870 εὐρείῃ

211 2889 546 2965 Δαίδαλος
589 2890 876 2973 ἤσκησεν
919 2890 1420 2977 καλλιπλοκάμῳ
1462 2886 1787 2976 Ἀριάδνῃ.

64 2968 71 2975 ’
154 3014 159 3019 ⁴
211 2990 544 3078 ἔνθαμὲν
588 2994 810 3077 ἠίθεοι
851 2992 962 3059 καὶ
1006 2992 1335 3080 παρθένοι
1375 2994 1794 3080 ἀλφεσίβοιαι

213 3097 550 3184 ὠρχεῦντ’,
599 3099 898 3183 ἀλλήλων
944 3097 1052 3165 ἐπὶ
1091 3108 1319 3189 καρπῷ
1364 3109 1584 3186 χεῖρας
1630 3102 1905 3183 ἔχοντες.

214 3215 342 3270 τῶν
388 3203 449 3270 δ’
495 3205 572 3270 αἰ
608 3202 730 3290 μὲν
774 3205 1008 3282 λεπτὰς
1053 3204 1305 3281 ὀθόνας
1345 3208 1527 3289 ἔχον,
1575 3207 1645 3271 οί
1686 3201 1760 3271 δὲ
1795 3215 2074 3289 χιτῶνας
2110 3210 2213 3272 595

217 3305 368 3375 εἵατ’
413 3310 802 3396 έυννήτους,
847 3302 974 3395 ἦκα
1020 3313 1406 3393 στίλβοντας
1450 3310 1672 3398 έλαίῷ·

202 3418 326 3481 ’καί
362 3411 425 3501 ῤ’
470 3417 547 3481 αἰ
584 3413 705 3501 μὲν
748 3418 950 3493 καλὰς
994 3416 1324 3500 στεφάνας
1368 3418 1553 3501 ἔχον,
1602 3415 1673 3481 οἷ
1712 3412 1788 3481 δὲ
1832 3418 2154 3500 μαχαίρας

223 3512 390 3607 εἶχον
437 3523 746 3608 χρυσείας
791 3521 857 3601 ἐξ
902 3520 1246 3605 ἀργυρέων
1290 3521 1707 3605 τελαμώνων.
