2525 3884
966 205 1266 258 ΙΑῐΑΔοΣ
1303 206 1498 259 xvm.
2110 205 2237 270 133

223 343 393 428 ὕλης
434 345 504 411 ἐκ
547 355 854 430 πυκινῆς·
899 345 938 412 ὁ
986 345 1065 412 δέ
1103 341 1161 411 τ’
1203 349 1482 431 ἄχνυται
1523 348 1798 435 ὕστερος
1841 348 2094 432 ἐλθών,
2132 364 2238 414 320

222 452 437 516 πολλὰ
490 451 570 517 δέ
618 450 675 517 τ’
720 450 897 536 ἄγκε’
941 452 1186 537 ἐπῆλθε
1240 451 1379 537 μετ’
1422 450 1657 540 ἀνέρος
1712 453 1867 539 ἴχνι’
1912 455 2236 541 ἐρευνῶν,

225 559 311 620 εἴ
338 563 544 622 ποθεν
591 558 870 643 ἐξεύροι·
916 559 1089 643 μάλα
1132 560 1260 644 γὰρ
1308 560 1546 646 δριμὺς
1589 562 1785 644 χόλος
1831 561 2025 645 αἱρεῖ·

228 654 327 737 ὥς
366 661 402 727 ὁ
444 666 616 750 βαρὺ
663 664 998 748 στενάχων
1043 664 1413 749 μετεφώνεε
1456 665 2036 749 Μυρμιδόνεσσιν·

226 766 335 848 ,,ὢ
375 770 601 852 πόποι,
647 765 690 853 ἧ
729 768 790 855 ῤ’
833 770 1024 835 ἅλιον
1072 772 1227 846 ἔπος
1271 772 1551 853 ἔκβαλον
1594 771 1794 855 ἤματι
1836 771 2063 857 κείνῳ,

226 876 595 957 θαρσύνων
639 877 823 962 ἥρωα
866 877 1235 941 Μενοίτιον
1281 875 1355 941 ἐν
1399 877 1816 962 μεγάροισιν·
2133 891 2239 941 325

229 988 371 1063 φῆν
415 979 494 1047 δέ
534 982 604 1046 οἱ
643 983 737 1059 εἰς
773 979 1086 1047 Ὀπόεντα
1129 982 1522 1068 περικλυτὸν
1565 983 1719 1048 υἱὸν
1767 979 2037 1056 ἀπάξειν

212 1082 424 1151 Ἴλιον
469 1086 872 1173 ἐκπέρσαντα
917 1091 1204 1173 λαχόντα
1246 1111 1318 1154 τε
1362 1089 1591 1171 ληίδος
1637 1082 1849 1155 αἶσαν.

229 1185 376 1256 ἀλλ’
416 1192 497 1258 οὐ
544 1197 710 1271 Ζεὺς
754 1195 1071 1279 ἄνδρεσσι
1114 1196 1412 1278 νοήματα
1455 1193 1670 1259 πάντα
1713 1199 2008 1281 τελευτᾷ·

233 1297 430 1382 ἄμφω
474 1299 602 1385 γὰρ
646 1298 980 1386 πέπρωται
1024 1300 1262 1383 ὁμοίην
1308 1307 1508 1383 γαῖαν
1552 1297 1817 1384 ἐρεῦσαι

232 1403 439 1469 αὐτοῦ
483 1403 586 1470 ἐνὶ
636 1407 872 1490 Τροίῃ,
920 1401 1058 1470 ἐπεὶ
1104 1402 1251 1470 οὐδ’
1297 1399 1409 1489 ἐμὲ
1452 1406 1867 1488 νοστήσαντα
2133 1420 2240 1474 330

232 1507 484 1587 δέξεται
528 1509 602 1576 ἐν
647 1511 988 1597 μεγάροισι
1032 1509 1249 1595 γέρων
1296 1510 1623 1593 ἱππηλάτα
1669 1511 1932 1594 Πηλεὺς

234 1612 395 1681 οὐδὲ
437 1614 625 1693 Θέτις
667 1619 909 1702 μήτηρ,
956 1611 1099 1682 ἀλλ’
1142 1616 1350 1682 αὐτοῦ
1395 1626 1551 1701 γαῖα
1594 1614 1879 1694 καθέξει.

230 1729 365 1786 νῦν
391 1718 478 1806 δ’,
508 1719 649 1788 ἐπεὶ
676 1718 832 1805 οὖν,
861 1723 1235 1808 Πάτροκλε,
1268 1731 1385 1788 σεῦ
1410 1722 1685 1809 ὕστερος
1707 1717 1834 1808 εἶμ’
1859 1721 1990 1788 ὑπὸ
2010 1731 2239 1808 γαῖαν,

234 1827 321 1893 οὔ
363 1845 435 1894 σε
477 1826 638 1915 πρὶν
682 1839 945 1915 κτεριῶ,
991 1831 1163 1915 πρίν·
1194 1826 1264 1911 γ’
1291 1826 1605 1916 Ἕκτορος
1649 1823 1884 1895 ἐνθάδ’
1926 1828 2172 1896 ἐνεῖκαι

231 1933 462 2018 τεύχεα
504 1933 615 2000 καὶ
657 1938 981 2019 κεφαλήν,
1027 1935 1423 2019 μεγαθύμου
1469 1946 1615 2001 σοῖο
1660 1943 1938 2018 φονῆος·
2135 1948 2240 2000 336

235 2039 489 2127 δώδεκα
535 2037 609 2106 δὲ
642 2041 1056 2128 προπάροιθε
1098 2049 1314 2126 πυρῆς
1357 2035 1942 2126 ἀποδειροτομήσω

242 2147 487 2232 Τρώων
533 2145 743 2230 ἀγλαὰ
784 2145 1005 2232 τέκνα,
1051 2144 1256 2211 σέθεν
1299 2143 1648 2231 κταμένοιο
1694 2147 2035 2229 χολωθείς.

230 2255 449 2338 τόφρα
494 2250 574 2317 δέ
611 2275 727 2337 μοι
768 2253 946 2337 παρὰ
988 2248 1191 2335 νηυσὶ
1233 2252 1553 2336 κορωνίσι
1595 2251 1844 2315 κείσεαι
1887 2250 2131 2336 αὕτως,

232 2354 402 2443 ἀμφὶ
449 2353 524 2423 δὲ
568 2354 641 2424 σὲ
692 2354 913 2443 Τρωαὶ
955 2353 1067 2422 καὶ
1110 2357 1535 2443 Δαρδανίδες
1577 2357 1998 2441 βαθύκολποι

232 2464 631 2529 κλαύσονται
672 2463 916 2540 νύκτας
958 2485 1028 2529 τε
1072 2459 1183 2528 καὶ
1225 2463 1443 2547 ἤματα
1489 2462 1698 2548 δάκρυ
1742 2460 2045 2548 χέουσαι,
2137 2479 2242 2530 340

232 2570 347 2646 τὰς
392 2567 580 2635 αὐτοὶ
623 2570 1011 2653 καμόμεσθα
1056 2571 1257 2653 βίηφί
1296 2591 1366 2633 τε
1412 2569 1613 2655 δουρί
1648 2591 1720 2635 τε
1766 2576 2023 2657 μακρῷ,

232 2677 489 2762 πιείρας
539 2672 868 2760 πέρθοντε
909 2675 1135 2752 πόλεις
1178 2677 1487 2761 μερόπων
1532 2675 1977 2761 ἀνθρώπων.“

322 2776 411 2859 ὧς
453 2781 657 2846 εἰπὼν
702 2779 1034 2867 ἑτάροισιν
1079 2777 1375 2866 ἐκέκλετο
1421 2782 1565 2859 δῖος
1603 2775 1933 2864 Ἀχιλλεὺς

234 2884 403 2975 ἀμφὶ
444 2885 607 2975 πυρὶ
651 2895 886 2972 στῆσαι
928 2888 1209 2973 τρίποδα
1254 2885 1495 2972 μέγαν,
1541 2888 1721 2972 ὄφρα
1764 2886 2036 2972 τάχιστα

236 2994 624 3080 Πάτροκλον
666 2994 978 3059 λούσειαν
1024 2992 1153 3058 ἄπο
1198 2995 1443 3079 βρότον
1489 2992 1901 3077 αἱματόεντα.
2141 3004 2243 3056 345

236 3100 304 3166 οἱ
343 3096 418 3166 δὲ
461 3100 855 3186 λοετροχόον
897 3091 1157 3185 τρίποδ’
1200 3099 1478 3164 ἵστασαν
1526 3097 1600 3163 ἐν
1644 3093 1807 3183 πυρὶ
1849 3095 2104 3187 κηλέῳ,

236 3203 306 3271 ἐν
352 3200 415 3271 δ’
458 3199 565 3291 ἄρ’
605 3205 791 3291 ὕδωρ
837 3206 1055 3290 ἔχεαν,
1100 3202 1232 3269 ὑπὸ
1282 3199 1357 3269 δὲ
1402 3200 1564 3282 ξύλα
1610 3201 1804 3269 δαῖον
1851 3200 2135 3279 ἑλόντες·

236 3310 524 3398 γάστρην
568 3306 690 3398 μὲν
734 3311 1047 3397 τρίποδος
1089 3316 1224 3396 πῦρ
1271 3308 1559 3393 ἄμφεπε,
1603 3305 1890 3394 θέρμετο
1938 3301 2001 3373 δ’
2041 3307 2244 3393 ὕδωρ.

236 3417 440 3504 αὐτὰρ
486 3414 626 3484 ’ἐπεὶ
672 3416 754 3501 δὴ
803 3414 1027 3495 ζέσσεν
1070 3414 1256 3500 ὕδωρ
1305 3410 1407 3480 ἐνὶ
1448 3414 1654 3497 ἤνοπι
1696 3419 1946 3499 χαλκῷ,

233 3520 341 3589 καὶ
382 3524 530 3589 τότε
576 3522 658 3607 δὴ
704 3521 957 3587 λοῦσάν
1000 3542 1071 3586 τε
1114 3517 1226 3586 καὶ
1270 3521 1552 3603 ἤλειψαν
1596 3511 1732 3580 λίπ’
1784 3516 2011 3599 ἐλαίῳ,
2141 3526 2245 3575 350
