2525 3884
258 237 388 304 230
1045 242 1345 294 ΙΑΙΑΔοΣ
1382 241 1456 295 Ψ.

346 378 433 460 ὧς
478 383 680 448 εἰπὼν
726 383 800 449 ἐν
843 381 1027 470 χερσὶ
1071 387 1274 450 τίθει·
1321 383 1358 450 ὁ
1406 380 1480 450 δὲ
1529 381 1759 462 δέξατο
1805 386 2083 469 χαίρων,

257 491 372 553 καί
409 513 525 573 μιν
571 491 886 574 φωνήσας
930 492 1084 557 ἔπεα
1128 492 1482 575 πτερόεντα
1517 490 1889 575 προσηύδα·
2158 506 2268 555 625

258 590 414 675 ,,ναὶ
469 595 550 678 δὴ
605 596 812 660 ταῦτά
855 619 931 680 γε
974 597 1216 678 πάντα,
1275 594 1489 678 τέκος,
1534 596 1697 660 κατὰ
1741 605 1981 680 μοῖραν
2028 597 2266 672 ἔειπες·

260 698 341 763 οὐ
376 700 500 785 γάρ
539 697 626 765 ἔτ’
671 702 918 785 ἔμπεδα
952 712 1138 784 γυῖα,
1187 704 1410 785 φίλος,
1456 701 1683 784 πόδες,
1732 697 1876 766 οὐδ’
1921 704 2017 765 ἔτι
2051 711 2268 786 χεῖρες

178 878 185 883 ,
259 806 456 889 ὤμων
502 805 979 891 ἀμφοτέρωθεν
1026 806 1450 872 ἐπαΐσσονται
1494 806 1793 893 ἐλαφραί.

258 907 389 975 εἴθ’
434 906 522 988 ὧς
566 911 845 996 ἡβώοιμι
892 915 1003 996 βίη
1048 911 1124 978 τέ
1163 936 1277 998 μοι
1322 913 1599 997 ἔμπεδος
1646 919 1775 995 εἴη,
1851 969 1853 972 ,

257 1016 346 1093 ὡς
390 1015 584 1082 ὁπότε
629 1015 910 1102 κρείοντ’
970 1012 1372 1103 Ἀμαρυγκέα
1417 1018 1678 1084 θάπτον
1718 1012 1958 1085 Ἐπειοὶ
2155 1034 2263 1084 630

255 1125 684 1210 Βουπρασίῳ,
730 1124 959 1201 παῖδες
1005 1121 1079 1189 δὲ
1121 1122 1337 1189 θέσαν
1380 1127 1694 1208 βασιλῆος
1738 1124 1975 1189 ἄεθλα·

257 1222 404 1292 ἔνθ’
445 1228 527 1293 οὔ
572 1232 670 1306 τίς
713 1253 826 1313 μοι
872 1229 1099 1314 ὁμοῖος
1142 1230 1311 1315 ἀνὴρ
1355 1226 1592 1312 γένετ’,
1650 1227 1789 1295 οὔτ’
1833 1225 1938 1315 ἄρ’
1985 1226 2262 1294 Ἐπειῶν

257 1331 391 1397 οὔτ’
440 1334 659 1400 αὐτῶν
705 1339 980 1402 Πυλίων
1025 1329 1165 1401 οὔτ’
1207 1338 1527 1400 Αἰτωλῶν
1572 1335 1994 1420 μεγαθύμων.

256 1437 381 1517 πὺξ
425 1437 548 1523 μὲν
594 1441 863 1524 ἐνίκησα
908 1443 1343 1527 Κλυτομήδεα
1387 1440 1684 1520 ’Ήνοπος
1727 1442 1910 1523 υἱόν,

263 1540 566 1627 Ἀγκαῖον
614 1543 687 1611 δὲ
729 1547 902 1632 πάλῃ
952 1548 1415 1631 Πλευρώνιον,
1463 1547 1536 1625 ὅς
1580 1571 1694 1632 μοι
1738 1545 2005 1631 ἀνέστη·
2155 1563 2259 1612 635

255 1649 554 1734 Ἴφικλον
601 1649 675 1717 δὲ
718 1653 994 1718 πόδεσσι
1037 1651 1464 1738 παρέδραμον
1510 1652 1758 1718 ἐσθλὸν
1802 1653 2026 1736 ε’όντα,

257 1755 451 1839 δουρὶ
497 1754 558 1821 δ’
602 1756 1036 1842 ὑπειρέβαλον
1088 1761 1320 1843 Φυλῆά
1362 1783 1433 1825 τε
1476 1757 1585 1824 καὶ
1633 1760 2064 1844 Πολύδωρον.

256 1865 499 1927 οἴοισίν
543 1860 610 1947 μ’
655 1863 912 1929 ἵπποισι
954 1867 1345 1948 παρήλασαν
1384 1863 1801 1950 Ἀκτορίωνε,

257 1969 523 2051 [πλήθει
566 1972 821 2055 πρόσθε
866 1973 1207 2054 βαλόντες,
1254 1971 1700 2056 ἀγασσάμενοι
1743 1970 1891 2056 περὶ
1938 1974 2151 2055 νίκης,

257 2073 495 2140 οὕνεκα
541 2077 623 2161 δὴ
668 2078 749 2141 τά
792 2075 1062 2161 μέγιστα
1107 2074 1260 2163 παρ’
1306 2077 1546 2143 αὐτόθι
1585 2075 1822 2143 λείπετ’
1858 2078 2111 2159 άεθλα.]
2153 2093 2258 2142 640

257 2180 327 2244 oc
368 2178 427 2245 δ’
473 2178 578 2268 ἀρ’
622 2185 780 2247 ἔσαν
828 2183 1120 2267 δίδυμοι·
1169 2183 1204 2248 ὁ
1250 2181 1373 2267 μὲν
1418 2184 1702 2268 ἔμπεδον
1748 2183 2119 2268 ἡνιόχευεν,
2223 2189 2229 2195 ’

257 2287 540 2369 ἔμπεδον
583 2286 902 2373 ἡνιόχευ’,
950 2289 986 2355 ὁ
1033 2287 1096 2354 δ’
1139 2291 1268 2374 ἄρα
1312 2290 1577 2374 μάστιγι
1619 2288 1901 2355 κέλευεν.

256 2386 344 2468 ὧς
387 2391 530 2458 ποτ’
574 2397 714 2458 ἔον·
759 2403 886 2459 νῦν
931 2390 1086 2460 αὖτε
1130 2396 1440 2482 νεώτεροι
1485 2395 1904 2462 ἀντιοώντων

255 2499 469 2582 ἔργων
513 2501 862 2564 τοιούτων·
908 2497 1019 2585 ἐμὲ
1065 2498 1141 2566 δὲ
1184 2502 1308 2587 χρὴ
1355 2504 1559 2586 γήραι·
1597 2508 1818 2590 λυγρῷ

253 2608 641 2688 πείθεσθαι,
686 2607 830 2670 τότε
876 2603 935 2671 δ’
982 2601 1138 2672 αὖτε
1182 2607 1583 2692 μετέπρεπον
1622 2608 1968 2693 ἡρώεσσιν.
2151 2623 2255 2674 645

256 2707 395 2776 ἀλλ’
442 2716 544 2776 ἴθι
587 2708 695 2777 καὶ
745 2712 867 2776 σὸν
915 2711 1175 2797 ἑταῖρον
1221 2711 1525 2779 ἀέθλοισι
1568 2712 1865 2800 κτερέιζε.

257 2824 447 2881 τοῦτο
505 2810 566 2881 δ’
609 2816 734 2899 ἐγὼ
790 2819 1112 2903 πρόφρων
1169 2817 1469 2904 δέχομαι,
1523 2823 1735 2907 χαίρει
1785 2820 1864 2885 δέ
1904 2843 2017 2905 μοι
2060 2815 2254 2903 ἦτορ,

254 2921 342 2998 ὥς
385 2945 508 3006 μευ
553 2922 654 2988 ἀεὶ
699 2922 1024 3008 μέμνησαι
1069 2923 1322 3008 ἐνηέος,
1371 2925 1537 2992 οὐδέ
1578 2945 1651 2992 σε
1697 2928 1901 3013 λήθω,

253 3037 468 3112 τιμῆς,
513 3024 591 3113 ἧς
635 3028 711 3095 τέ
749 3030 826 3115 μ’
864 3033 1035 3096 ἔοικε
1079 3038 1467 3115 τετιμῆσθαι
1511 3027 1649 3117 μετ’
1710 3031 2010 3117 Ἀχαιοῖς.

255 3132 360 3199 σοὶ
407 3131 478 3200 δὲ
523 3134 675 3201 θεοὶ
720 3131 918 3201 τῶνδ’
960 3135 1107 3202 ἀντὶ
1150 3137 1345 3222 χάριν
1389 3137 1729 3223 μενοεικέα
1773 3140 2019 3206 δοῖεν.“
2151 3155 2255 3204 650

342 3236 430 3317 ὧς
484 3242 685 3326 φάτο,
742 3244 1072 3325 Πηλεΐδης
1127 3239 1202 3307 δὲ
1246 3247 1461 3309 πολὺν
1509 3240 1665 3310 καθ’
1705 3245 1938 3329 ὅμιλον
1977 3242 2255 3330 Ἀχαιῶν

254 3343 468 3433 ᾤχετ’,
515 3344 654 3411 ἐπεὶ
697 3344 887 3410 πάντ’
931 3342 1123 3413 αἶνον
1169 3346 1437 3414 ἐπέκλυε
1484 3351 1838 3434 Νηλεΐδαο.

254 3451 461 3537 αὐτὰρ
508 3451 544 3517 ὁ
590 3454 959 3535 πυγμαχίης
1003 3451 1341 3536 ἀλεγεινῆς
1383 3461 1594 3538 θῆκεν
1639 3456 1875 3520 ἄεθλα·

253 3555 531 3639 ἡμίονον
575 3557 935 3641 ταλαεργὸν
981 3557 1161 3639 ἄγων
1204 3558 1508 3644 κατέδησ’
1552 3559 1625 3625 έν
1671 3559 1875 3643 ἀγῶνι
