2525 3884
1039 190 1343 243 ΙΛῙΑΔΟΣ
1378 192 1558 243 ΧΧΝ
2172 191 2304 256 263

295 335 585 418 ἄρρητον
631 330 704 398 δὲ
746 341 1011 399 τοκεῦσι
1056 335 1220 416 γόον
1264 330 1376 398 καὶ
1419 330 1671 411 πένθος
1715 336 1990 419 ἔθηκας,

290 437 554 524 ’Ἕκτορ’
600 437 745 524 ἐμοὶ
790 435 866 505 δὲ
909 439 1187 523 μάλιστα
1232 441 1599 518 λελείψεται
1643 441 1843 523 ἄλγεα
1887 441 2129 525 λυγρά·

294 545 377 641 οῦ
421 546 547 631 γάρ
593 569 708 630 μοι
749 548 1070 629 θνήσκων
1114 543 1360 630 λεχέων
1406 543 1479 610 ἐκ
1522 555 1743 632 χεῖρας
1788 545 2045 631 ὄρεξας,

294 649 460 717 οὐδέ
497 653 569 716 τί
606 674 721 736 μοι
765 645 940 728 εἶπες
982 651 1266 716 πυκινὸν
1312 653 1488 734 ἔπος,
1536 645 1620 716 οὗ
1654 650 1730 717 τέ
1768 673 1885 716 κεν
1930 650 2060 718 αἰεὶ

292 755 641 843 μεμνῄμην
684 758 927 834 νύκτας
969 779 1039 822 τε
1080 754 1192 822 καὶ
1234 759 1449 842 ἤματα
1496 756 1707 842 δάκρυ
1749 755 2057 841 χέουσα.“
2202 774 2305 825 745

384 857 475 940 ὥς
518 865 720 946 ἔφατο
765 859 1090 947 κλαίουσ’,
1136 859 1242 928 ἐπὶ
1288 859 1362 928 δὲ
1407 862 1805 946 στενάχοντο
1848 874 2173 946 γυναῖκες.

293 976 486 1052 τῇσιν
532 965 594 1033 δ’
644 961 803 1033 αὖθ’
845 964 1085 1051 Ἑκάβη
1132 966 1373 1033 ἁδινοῦ
1416 967 1642 1053 ἐξῆρχε
1685 970 1903 1052 γόοιο·

294 1072 590 1161 ,ξΈκτορ,
636 1074 767 1162 ἐμῷ
813 1081 1012 1162 θυμῷ
1058 1074 1326 1138 πάντων
1371 1075 1543 1138 πολὺ
1589 1076 1858 1158 φίλτατε
1901 1076 2190 1158 παίδων,

292 1175 336 1263 ἦ
378 1177 500 1265 μέν
545 1204 658 1266 μοι
705 1182 866 1259 ζωός
909 1200 1031 1265 περ
1078 1177 1206 1243 ἐὼν
1251 1181 1448 1263 φίλος
1490 1173 1673 1261 ἦσθα
1715 1185 2006 1246 θεοῖσιν·

293 1286 365 1351 οί
404 1283 466 1352 δ’
519 1287 647 1369 ἄρα
693 1292 812 1351 σεῦ
856 1285 1139 1368 κήδοντο
1180 1281 1295 1365 καὶ
1339 1284 1413 1349 ἐν
1456 1284 1781 1350 θανάτοιό
1815 1306 1938 1370 περ
1976 1292 2146 1371 αἴσῃ.
2203 1303 2307 1359 750
2352 1346 2357 1351 .

293 1392 537 1467 ἄλλους
579 1387 701 1475 μὲν
743 1391 870 1476 γὰρ
916 1391 1157 1467 παῖδας
1201 1389 1400 1475 ἐμοὺς
1443 1390 1652 1466 πόδας
1696 1389 1870 1468 ὠκὺς
1905 1387 2236 1476 Ἀχιλλεὺς

290 1493 633 1581 πέρνασχ’,
679 1496 759 1561 ὅν
802 1492 930 1561 τιν’
985 1495 1226 1580 ἕλεσκε,
1272 1493 1482 1581 πέρην
1527 1494 1686 1574 ἀλὸς
1729 1493 2145 1582 ἀτρυγέτοιο,

292 1601 359 1678 ἐς
403 1601 638 1686 Σάμον
682 1604 751 1678 ἔς
796 1599 854 1666 τ’
887 1600 1166 1688 Ἴμβρον
1208 1599 1319 1667 καὶ
1363 1606 1642 1687 Λῆμνον
1688 1601 2246 1687 ἀμιχθαλόεσσαν·

292 1715 412 1773 σεῦ
458 1703 520 1772 δ’
572 1705 711 1772 ἐπεὶ
755 1705 1003 1787 ἐξέλετο
1046 1709 1270 1793 ψυχὴν
1314 1702 1629 1791 ταναήκεϊ
1666 1713 1914 1796 χαλκῷ,

290 1813 501 1877 πολλοὶ
545 1811 976 1898 ῥυστάζεσκεν
1022 1811 1137 1880 ἑοῦ
1180 1811 1330 1900 περὶ
1375 1810 1526 1899 σῆμ’
1580 1813 1840 1901 ἑτάροιο
2203 1832 2306 1883 756

292 1921 708 2004 Πατρόκλου,
751 1921 868 1986 τὸν
916 1923 1215 2004 ἔπεφνες·
1262 1919 1620 2004 ἀνέστησεν
1667 1918 1747 1985 δέ
1785 1945 1900 2005 μιν
1948 1920 2093 1986 οὐδ’
2147 1916 2261 1999 ὧς·

292 2033 427 2089 νῦν
475 2023 555 2090 δέ
594 2049 708 2110 μοι
753 2023 1008 2111 ἑρσήεις
1049 2023 1160 2090 καὶ
1202 2029 1586 2111 πρόσφατος
1631 2025 1703 2092 ἐν
1739 2026 2124 2111 μεγάροισιν

290 2139 525 2213 κεῖσαι,
569 2138 661 2218 τῷ
708 2136 941 2214 ἴκελος,
980 2131 1061 2197 ὅν
1103 2129 1162 2196 τ’
1214 2130 1657 2218 ἀργυρότοξος
1693 2126 2028 2197 Ἀπόλλων

288 2227 389 2312 οἶς
433 2235 707 2320 ἀγανοῖς
748 2234 1087 2318 βελέεσσιν
1132 2235 1555 2321 ἐποιχόμενος
1597 2235 2067 2322 κατέπεφνεν.“

382 2334 472 2416 ὧς
515 2343 719 2424 ἔφατο
764 2344 1107 2424 κλαίουσα,
1152 2343 1318 2424 γόον
1367 2339 1427 2407 δ’
1480 2342 1794 2408 ἀλίαστον
1840 2343 2081 2428 ὄρινεν.
2203 2360 2307 2410 760

287 2451 441 2528 τῇσι
486 2438 553 2508 δ’
604 2439 816 2525 ἔπειθ’
858 2441 1088 2529 Ἑλένη
1133 2447 1398 2530 τριτάτη
1446 2447 1670 2533 ἐξῆρχε
1714 2450 1930 2531 γόοιο·

288 2546 579 2633 ,ξἘκτορ,
628 2549 760 2637 ἐμῷ
804 2556 1003 2638 θυμῷ
1052 2550 1312 2636 δαέρων
1357 2556 1528 2620 πολὺ
1575 2556 1843 2638 φίλτατε
1877 2555 2171 2640 πάντων,
2224 2591 2298 2606 ‹-

286 2652 330 2739 ἦ
377 2653 500 2741 μέν
545 2678 660 2740 μοι
701 2656 894 2733 πόσις
938 2654 1117 2721 ἐστὶν
1155 2651 1582 2745 Ἀλέξανδρος
1615 2662 1953 2744 θεοειδής,

291 2761 366 2838 ὅς
412 2758 479 2847 μ’
531 2762 736 2844 ἄγαγε
764 2755 1124 2847 ·Τροίηνδ’·
1169 2762 1259 2841 ὡς
1302 2762 1460 2851 πρὶν
1507 2765 1811 2850 ὤφελλον
1856 2764 2131 2833 ὀλέσθαι
2179 2805 2254 2818 -

289 2868 419 2952 ἤδη
465 2869 594 2955 γὰρ
639 2875 770 2934 νῦν
815 2891 930 2953 μοι
973 2865 1113 2934 τόδ’
1166 2868 1499 2937 ἐεικοστὸν
1543 2874 1688 2948 ἔτος
1732 2870 1941 2955 ἐστίν,
2200 2889 2303 2941 '165

290 2971 359 3048 ἐξ
404 2970 487 3039 οὗ
528 2965 756 3042 κεῖθεν
801 2976 964 3059 ἔβην
1007 2973 1118 3040 καὶ
1161 2974 1320 3061 ἐμῆς
1362 2976 1748 3061 ἀπελήλυθα
1792 2977 2068 3066 πάτρης·

290 3076 443 3144 ἀλλ’
492 3082 574 3144 οὔ
615 3103 718 3148 πω
763 3091 883 3148 σεῦ
928 3083 1180 3148 ἄκουσα
1223 3083 1431 3149 κακὸν
1474 3085 1629 3159 ἔπος
1666 3080 1812 3149 οὐδ’
1864 3083 2241 3171 ἀσύφηλον·

291 3177 437 3249 ἀλλ’
486 3189 555 3250 εἴ
588 3190 687 3263 τίς
729 3212 809 3273 με
851 3185 963 3254 καὶ
1007 3188 1206 3265 ἄλλος
1251 3185 1352 3254 ἐνὶ
1395 3189 1783 3275 μεγάροισιν
1828 3188 2082 3256 ἐνίπτοι

292 3287 550 3378 δαέρων
592 3289 635 3375 ’ἢ
679 3297 940 3375 γαλόων
984 3293 1027 3378 ἢ
1074 3292 1429 3380 εἰνατέρων
1474 3292 1847 3379 ἐυπέπλων,

288 3394 331 3480 ’ἢ
379 3394 580 3485 ἑκυρή
613 3434 689 3444 -
715 3394 946 3482 ἑκυρὸς
990 3395 1066 3464 δὲ
1108 3400 1321 3485 πατὴρ
1369 3400 1458 3477 ὣς
1489 3402 1685 3485 ἤπιος
1728 3403 1865 3466 αἰεί
1879 3437 1979 3483 -,
2195 3416 2298 3465 770

288 3501 457 3569 ἀλλά
501 3506 587 3569 σὺ
631 3505 750 3568 τόν
792 3500 857 3586 γ’
910 3502 1169 3571 ἐπέεσσι
1211 3506 1713 3592 παραιφάμενος
1754 3501 2102 3587 κατέρυκες

291 3617 374 3694 σῇ
418 3607 478 3674 τ’
530 3610 1050 3696 ἀγανοφροσύνῃ
1086 3608 1198 3675 καὶ
1242 3621 1386 3688 σοῖς
1431 3610 1702 3693 ἀγανοῖς
1747 3604 2058 3672 ἐπέεσσιν.
