2525 3884
287 161 371 227 88
1071 164 1373 216 ΙΛΙΑΔΟΣ
1408 164 1481 214 Π.

287 306 628 389 σύμβαλον
674 302 842 389 ἀμφὶ
888 303 1074 370 νέκυι
1106 311 1608 388 κατατεθνηῶτι
1654 305 1980 391 μάχεσθαι
2198 320 2314 370 566

288 410 513 475 δεινὸν
557 409 903 487 ἀύσαντες·
949 408 1115 494 μέγα
1162 405 1224 475 δ’
1268 413 1502 496 ἔβραχε
1546 411 1777 495 τεύχεα
1822 421 2082 498 φωτῶν.

288 517 455 592 Ζεὺς
500 509 562 579 δ’
603 514 709 581 ἐπὶ
750 512 933 581 νύκτ’
979 517 1181 600 ὀλοὴν
1225 515 1468 583 τάνυσε
1513 524 1791 606 κρατερῇ
1837 517 2114 601 ὑσμίνῃ,

286 621 465 705 ὄφρα
511 625 684 708 φίλῳ
729 619 878 707 περὶ
921 619 1108 687 παιδὶ
1152 622 1362 706 μάχης
1406 621 1599 699 ὀλοὸς
1642 626 1847 699 πόνος
1892 627 2011 705 εἴη.
2081 658 2090 661 -

375 721 557 792 ὦσαν
603 724 677 793 δὲ
720 730 1029 813 πρότεροι
1079 731 1298 812 Τρῶες
1342 726 1661 805 ἑλίκωπας
1705 728 2025 814 Ἀχαιούς·

287 834 487 916 βλῆτο
532 833 658 917 γὰρ
706 833 789 897 οὔ
830 855 895 897 τι
929 833 1231 911 κάκιστος
1268 833 1435 918 ἀνὴρ
1472 834 1632 919 μετὰ
1666 834 2265 919 Μυρμιδόνεσσιν,

284 936 432 1015 υίὸς
466 933 818 1022 Ἀγακλῆος
855 939 1278 1023 μεγαθύμου,
1327 939 1471 1015 δῖος
1506 933 1864 1022 Ἐπειγεύς,
2190 954 2299 1003 571

287 1041 361 1120 ὅς
404 1038 466 1127 ῥ’
510 1042 583 1108 ἐν
626 1043 926 1130 Βουδείῳ
974 1042 1049 1110 ἐὺ
1093 1041 1424 1131 ναιομένῳ
1468 1044 1758 1126 ἤνασσεν

284 1148 359 1212 τὸ
403 1150 586 1233 πρίν·
633 1147 793 1234 ἀτάρ
837 1150 985 1213 τότε
1027 1142 1090 1231 γ’
1133 1148 1384 1214 ἐσθλὸν
1429 1147 1705 1227 ἀνεψιὸν
1751 1146 2121 1235 ἐξεναρίξας

285 1251 354 1331 ές
397 1250 612 1337 Πηλῆ’
657 1252 945 1320 ἱκέτευσε
988 1252 1098 1320 καὶ
1141 1253 1208 1332 ές
1252 1253 1449 1320 Θέτιν
1494 1253 1970 1340 ἀργυρόπεζαν·

287 1358 359 1424 οἰ
397 1356 460 1424 δ’
500 1357 610 1445 ἅμ’
654 1353 940 1445 Ἀχιλλῆι
986 1359 1302 1446 ῥηξήνορι
1344 1359 1603 1445 πέμπον
1648 1359 1925 1425 ἕπεσθαι
2184 1375 2290 1425 5⁷5

278 1464 478 1530 Ἴλιον
523 1466 617 1543 εἰς
660 1466 990 1548 ἐύπωλον,
1038 1467 1150 1532 ἵνα
1202 1466 1498 1552 Τρώεσσι
1542 1466 1832 1551 μάχοιτο.

284 1573 402 1636 τόν
447 1571 531 1657 ῥα
573 1568 720 1636 τόθ’
764 1571 1137 1656 ἁπτόμενον
1190 1569 1427 1648 νέκυος
1483 1572 1643 1656 βάλε
1689 1572 2003 1656 φαίδιμος
2031 1569 2287 1657 Ἕκτωρ

283 1672 612 1764 χερμαδίῳ
655 1679 976 1760 κεφαλήν·
1020 1676 1063 1760 ἡ
1102 1672 1165 1740 δ’
1210 1678 1449 1762 ἄνδιχα
1493 1685 1669 1743 πᾶσα
1713 1676 1965 1761 κεάσθη

284 1772 379 1846 έν
402 1783 645 1868 κόρυθι
688 1785 957 1867 βριαρῇ·
1003 1781 1041 1847 ὁ
1088 1778 1150 1847 δ’
1203 1783 1332 1868 ἄρα
1375 1783 1630 1867 πρηνὴς
1675 1782 1781 1850 ἐπὶ
1823 1790 2035 1872 νεκρῷ

283 1888 639 1972 κάππεσεν,
674 1887 844 1973 ἀμφὶ
880 1886 962 1954 δέ
989 1912 1104 1973 μιν
1138 1888 1432 1966 θάνατος
1470 1890 1630 1974 χύτο
1666 1890 2136 1975 θυμοραϊστής.
2175 1903 2282 1954 580

284 1995 648 2082 Πατρόκλῳ
696 1991 755 2059 δ’
800 1988 906 2081 ἄρ’
948 1996 1105 2078 ἄχος
1146 1991 1373 2077 γένετο
1420 1992 1758 2079 φθιμένου
1804 1992 2091 2079 ἑτάροιο,

285 2104 524 2164 ἴθυσεν
570 2095 654 2166 δὲ
691 2101 801 2165 διὰ
843 2099 1200 2186 προμάχων
1247 2105 1426 2185 ἴρηκι
1470 2099 1698 2176 ἐοικὼς

287 2202 468 2286 ώκέι,
514 2204 587 2282 ὅς
629 2202 686 2271 τ’
731 2205 1019 2291 ἐφόβησε
1062 2206 1368 2282 κολοιούς
1410 2227 1482 2270 τε
1523 2204 1738 2290 ψῆράς
1778 2223 1879 2270 τε·

285 2304 373 2386 ὧς
419 2310 573 2387 ἰθὺς
615 2313 916 2394 Λυκίων,
964 2313 1370 2396 Πατρόκλεις
1415 2307 1879 2392 ἱπποκέλευθε,

284 2417 483 2481 ἔσσυο
527 2412 636 2480 καὶ
677 2416 953 2500 Τρώων,
997 2418 1326 2500 κεχόλωσο
1374 2412 1447 2482 δὲ
1490 2423 1613 2500 κῆρ
1660 2413 1948 2501 §tapona-
2172 2434 2266 2483 585
2327 2448 2331 2450 ‘

258 2522 401 2587 vazoer!
438 2516 498 2605 ῥ’
543 2522 734 2603 ἔβαλε
778 2519 1166 2586 Σθενέλαον
1204 2517 1609 2605 Ἰθαιμένεος
1652 2524 1855 2605 φίλον
1899 2521 2052 2587 υἱὸν

286 2625 529 2712 αὐχένα
570 2626 930 2713 χερμαδίῳ,
975 2625 1169 2711 ῥῆξεν
1215 2623 1277 2691 δ’
1321 2625 1448 2692 ἀπὸ
1492 2636 1635 2691 τοῖο
1680 2624 2007 2703 τένοντας.

283 2732 592 2818 χώρησαν
638 2727 699 2795 δ’
743 2729 874 2796 ὑπό
917 2754 987 2795 τε
1032 2733 1357 2816 πρόμαχοι
1399 2729 1508 2797 καὶ
1555 2732 1872 2817 φαίδιμος
1899 2729 2162 2815 Ἕκτωρ.

285 2838 449 2919 ὅσση
495 2832 563 2917 δ’ν
599 2833 908 2920 αἰγανέης
951 2835 1106 2921 ῥιπὴ
1151 2847 1423 2902 ταναοῖο
1468 2835 1796 2921 τέτυκται,

283 2943 368 3021 ἦν
413 2941 497 3027 ῥά
538 2938 595 3007 τ’
638 2941 806 3027 ἀνὴρ
852 2941 1022 3029 ἀφέῃ
1066 2943 1469 3028 πειρώμενος
1511 2942 1552 3026 ἣ
1600 2943 1673 3008 ἐν
1706 2942 1938 3031 ’ἀέθλῳ
2168 2959 2258 3010 590

156 3040 160 3043 Δ
284 3045 360 3133 ἠὲ
403 3045 511 3113 καὶ
555 3047 629 3114 έν
672 3046 933 3136 πολέμῳ
978 3049 1189 3132 δηίων
1233 3048 1363 3113 ὕπο
1409 3048 1947 3133 θυμοραϊστέων,

283 3158 528 3221 τόσσον
573 3154 913 3240 ἐχώρησαν
965 3157 1209 3240 Τρῶες,
1259 3155 1517 3219 ὤσαντο
1566 3155 1607 3219 δ
1663 3148 1927 3237 Ἀχαιοί.

171 3339 175 3341 Α
285 3264 582 3338 Γλαῦκος
626 3256 701 3326 δὲ
743 3269 1028 3346 πρῶτος,
1073 3262 1347 3327 Λυκίων
1392 3258 1552 3344 ἀγὸς
1594 3257 2001 3341 ἀσπιστάων,

284 3363 603 3455 ἐτράπετ’,
649 3369 934 3434 ἔκτεινεν
981 3361 1055 3431 δὲ
1098 3370 1461 3449 Βαθυκλῆα
1505 3364 1925 3450 μεγάθυμον,

285 3474 639 3551 Χάλκωνος
684 3475 884 3558 φίλον
927 3471 1111 3556 υἱόν,
1160 3471 1232 3550 ὃς
1266 3466 1534 3585 Ἑλλάδι
1579 3471 1752 3536 οἰκία
1795 3477 2004 3536 ναίων
2166 3484 2252 3535 595
