2525 3884
1013 146 1317 245 mAAoz:
1352 193 1545 245 XXIV.
2154 189 2290 254 249

281 331 574 417 οὐρανὸν
621 333 1000 417 εἰσανιδών,
1045 331 1158 399 καὶ
1200 336 1520 419 φωνήσας
1564 337 1719 412 ἔπος
1760 334 1963 418 ηὔδα·

276 442 455 520 ,,Ζεῦ
496 439 698 524 πάτερ
714 486 733 520 ,
761 438 1041 522 Ἴδηθεν
1086 438 1364 524 μεδέων,
1408 440 1674 505 κύδιστε
1719 439 2008 525 μέγιστε,

278 545 394 620 δός
436 541 505 627 μ’
554 543 622 620 ές
660 539 993 629 Ἀχιλλῆος
1038 547 1239 629 φίλον
1286 545 1511 610 ἐλθεῖν
1554 542 1660 628 ἠδ’
1715 544 2032 627 ἐλεεινόν,

276 647 541 733 πέμψον
588 646 654 714 δ’
699 650 976 732 οἰωνόν,
1022 653 1228 735 ταχὺν
1265 651 1571 734 ἄγγελον,
1617 649 1691 727 ὅς
1723 673 1792 715 τε
1829 648 1939 716 σοὶ
1975 650 2151 740 αὐτῷ
2189 666 2294 717 310

279 758 597 838 φίλτατος
641 755 903 821 οἰωνῶν
946 758 1064 820 καί
1093 755 1168 821 εὖ
1211 756 1449 842 κράτος
1493 753 1631 821 ἐστὶ
1674 755 2017 840 μέγιστον,

281 857 527 941 δεξιόν,
573 860 750 944 ὄφρα
795 882 911 942 μιν
956 858 1152 937 αὐτὸς
1196 860 1271 926 ἐν
1318 860 1725 946 ὀφθαλμοῖσι
1769 863 2015 944 νοήσας

278 972 371 1052 τῷ
417 968 697 1042 πίσυνος
741 963 846 1030 ἐπὶ
890 974 1054 1049 νῆας
1099 970 1177 1030 ίω
1221 970 1516 1031 Δαναῶν
1559 967 2027 1052 ταχυπώλων.“

366 1064 455 1146 ὥς
499 1066 682 1153 ἔφατ’
737 1069 1110 1155 εὐχόμενος,
1156 1078 1277 1135 τοῦ
1324 1066 1385 1136 δ’
1439 1074 1627 1137 ἔκλυε
1673 1075 1944 1155 μητίετα
1991 1071 2176 1148 Ζεύς.

277 1175 509 1241 αὐτίκα
556 1170 618 1239 δ’
670 1176 891 1241 αἰετὸν
926 1170 1072 1257 ἧκε,
1116 1177 1527 1241 τελειότατον
1571 1186 1935 1260 πετεηνῶν,
2186 1191 2292 1242 315

278 1284 591 1366 μόρφνον
625 1277 984 1366 θηρητῆρ’,
1031 1279 1112 1346 ὃν
1155 1278 1266 1345 καὶ
1309 1281 1595 1366 περκνὸν
1638 1280 2010 1346 καλέουσιν.

279 1388 444 1470 ὅσση
492 1384 555 1452 δ’
604 1386 982 1472 ὑψορόφοιο
1026 1386 1208 1471 θύρη
1254 1386 1589 1470 θαλάμοιο
1632 1384 1929 1451 τέτυκται

280 1492 513 1579 ἀνέρος
556 1492 883 1577 ἀφνειοῖο,
929 1491 1004 1558 ἐὺ
1049 1488 1261 1575 κληῖδ’
1316 1490 1627 1577 ἀραρυῖα,

278 1596 459 1663 τόσσ’
511 1598 639 1682 ἄρα
682 1606 804 1663 τοῦ
848 1596 1199 1683 ἑκάτερθεν
1245 1599 1406 1663 ἔσαν
1450 1597 1680 1679 πτερά·
1737 1603 1959 1663 εἴσατο
2009 1597 2089 1663 δέ
2126 1613 2290 1682 σφιν

281 1703 492 1782 δεξιὸς
535 1703 717 1782 ἀίξας
758 1700 925 1790 ὑπὲρ
970 1704 1216 1780 ἄστεος.
1265 1704 1338 1769 ol
1376 1701 1451 1768 δὲ
1496 1704 1752 1781 ἰδόντες
2186 1718 2292 1769 320

279 1811 619 1893 γήθησαν,
663 1807 772 1874 καὶ
817 1818 1016 1874 πᾶσιν
1063 1807 1163 1874 ἐνὶ
1209 1806 1406 1894 φρεσὶ
1448 1810 1669 1894 θυμὸς
1715 1809 1938 1892 ἰάνθη.
2243 1870 2250 1876 .

282 1918 726 2001 σπερχόμενος
772 1910 833 1980 δ’
884 1915 920 1981 ὁ
966 1914 1180 1999 γέρων
1227 1914 1459 1993 ξεστοῦ
1507 1915 1855 1998 ἐπεβήσετο
1903 1915 2181 2001 δίφρου,

281 2020 354 2085 ἐκ
398 2015 459 2085 δ’
509 2023 700 2087 ἔλασε
742 2020 1118 2107 προθύροιο
1163 2019 1275 2086 καὶ
1319 2021 1647 2102 αὐθούσης
1692 2019 2069 2105 ἐριδούπου.

280 2129 537 2212 πρόσθε
580 2122 702 2210 μὲν
744 2126 1009 2211 ἡμίονοι
1056 2126 1249 2192 ἕλκον
1294 2126 1731 2210 τετράκυκλον
1777 2123 2067 2209 ἀπήνην,

281 2233 397 2309 τὰς
432 2228 668 2308 Ἰδαῖος
711 2234 944 2298 ἔλαυνε
989 2233 1326 2316 δαΐφρων,
1374 2229 1581 2315 αὐτὰρ
1626 2232 1909 2295 ὄπισθεν
2187 2246 2291 2296 325

284 2338 488 2421 ἵπποι,
532 2340 687 2413 τοὺς
723 2336 760 2403 ὁ
803 2336 1018 2423 γέρων
1063 2336 1330 2422 ἐφέπων
1374 2335 1638 2421 μάστιγι
1680 2335 1947 2402 κέλευεν

282 2445 701 2528 καρπαλίμως
742 2445 905 2507 κατὰ
948 2444 1139 2508 ἄστυ·
1185 2445 1373 2527 φίλοι
1419 2438 1480 2507 δ’
1532 2442 1665 2525 ἅμα
1709 2441 1949 2520 πάντες
1993 2441 2230 2507 ἕποντο

283 2546 470 2615 πόλλ’
523 2548 1008 2634 ὀλοφυρόμενοι
1053 2548 1143 2626 ὡς
1187 2549 1251 2613 εί
1291 2548 1669 2613 θανατόνδε
1711 2551 1957 2613 κιόντα.

284 2656 356 2722 οί
395 2651 455 2719 δ’
510 2651 649 2719 ἐπεὶ
694 2647 817 2718 οὖν
859 2654 1091 2731 πόλιος
1132 2651 1445 2735 κατέβαν,
1492 2653 1726 2718 πεδίον
1773 2648 1836 2717 δ’
1887 2651 2241 2737 ἀφίκοντο,

286 2763 355 2827 οί
384 2759 505 2847 μὲν
548 2755 653 2845 ἄρ’
705 2759 989 2844 ἄψορροι
1031 2756 1225 2842 προτὶ
1250 2756 1461 2824 Ἴλιον
1507 2756 1900 2841 ἀπονέοντο,
2189 2776 2293 2826 330

197 2856 202 2863 ’
282 2869 511 2945 παῖδες
551 2862 662 2931 καὶ
704 2865 1011 2949 γαμβροί,
1054 2864 1145 2928 τὼ
1184 2858 1244 2928 δ’
1298 2863 1380 2929 οὐ
1424 2864 1641 2930 λάθον
1687 2863 1980 2948 εὐρύοπα
2027 2867 2167 2948 Ζῆν

286 2979 352 3051 ἐς
394 2974 626 3039 πεδίον
670 2966 1110 3054 προφανέντε·
1160 2969 1326 3033 ἰδὼν
1371 2965 1439 3034 δ’
1492 2968 1715 3051 ἐλέησε
1758 2967 2054 3054 γέροντα.

286 3073 448 3158 αἶψα
494 3074 555 3143 δ’
605 3072 714 3161 ἄρ’
756 3073 1062 3161 Ἑρμείαν
1105 3074 1259 3139 υίὸν
1306 3077 1507 3158 φίλον
1554 3072 1782 3137 ἀντίον
1826 3074 2027 3157 ηὔδα·

285 3181 615 3269 ,,Ἑρμεία,
661 3181 768 3247 σοὶ
813 3181 940 3266 γάρ
984 3202 1056 3244 τε
1101 3179 1380 3264 μάλιστά
1425 3201 1499 3261 γε
1545 3181 1864 3263 φίλτατόν
1910 3178 2090 3245 ἐστιν

284 3287 481 3376 ἀνδρὶ
527 3288 919 3375 ἑταιρίσσαι,
965 3288 1081 3351 καί
1118 3279 1176 3350 τ’
1228 3287 1483 3366 ἔκλυες,
1529 3275 1582 3372 ᾧ
1627 3280 1690 3350 κ’
1742 3283 2106 3369 ἐθέλῃσθα·
2193 3299 2296 3349 335

283 3390 470 3482 βάσκ’
524 3400 649 3478 ὅθι,
693 3390 802 3459 καὶ
850 3395 1158 3476 Πρίαμον
1202 3395 1429 3468 κοίλας
1473 3388 1580 3456 ἐπὶ
1623 3399 1786 3474 νῆας
1825 3384 2102 3472 Ἀχαιῶν

285 3498 372 3579 ὧς
417 3497 634 3585 ἄγαγ’,
677 3500 765 3576 ὡς
809 3493 954 3583 μήτ’
1006 3499 1091 3582 ἄρ
1136 3520 1236 3574 τις
1281 3498 1391 3583 ἴδῃ
1440 3491 1586 3579 μήτ’
1637 3496 1720 3579 ἄρ
1764 3516 1835 3557 τε
1878 3493 2088 3575 νοήσῃ
