2525 3884
1045 157 1348 209 ΙΛΙΔΔΟΣ
1383 160 1532 211 XIII.
2242 161 2284 225 9

260 299 505 376 δύσετο
551 300 781 385 τεύχεα
826 301 991 364 καλὰ
1036 298 1187 384 περὶ
1231 303 1402 384 χροΐ,
1449 300 1642 384 γέντο
1691 300 1765 368 δὲ
1812 304 2042 390 δοῦρε,

260 409 350 488 βῆ
399 403 460 468 δ’
515 410 662 489 ἴμεν
715 405 1039 490 ἀστεροπῇ
1085 405 1473 488 ἐναλίγκιος,
1520 409 1607 491 ἥν
1650 431 1721 474 τε
1764 411 2078 492 Κρονίων

260 509 435 596 χειρὶ
481 512 705 595 λαβὼν
749 510 1039 589 ἐτίναξεν
1084 506 1197 576 ἀπ’
1246 514 1630 596 αἰγλήεντος
1668 511 2017 600 Ὀλύμπου,

265 617 537 693 δεικνὺς
576 625 757 701 σῆμα
803 620 1172 701 βροτοῖσιν·
1218 618 1515 703 ἀρίζηλοι
1561 619 1641 684 δέ
1682 622 1754 685 oc
1793 622 2020 704 αὐγαί·

264 718 357 800 ὧς
397 731 519 790 τοῦ
562 724 801 809 χαλκὸς
845 726 1088 808 ἔλαμπε
1133 722 1286 809 περὶ
1331 726 1650 808 στήθεσσι
1693 725 1991 804 θέοντος.
2182 742 2286 792 245

263 831 620 914 Μηριόνης
665 827 725 894 δ’
780 831 907 917 ἄρα
953 831 1024 894 οἰ
1061 831 1379 915 θεράπων
1424 831 1537 908 ἐὺς
1580 831 2022 917 ἀντεβόλησεν

265 934 466 1017 ἐγγὺς
512 937 608 1000 ἔτι
650 938 937 1025 κλισίης·
983 936 1143 1019 μετὰ
1188 937 1314 1021 γὰρ
1362 937 1530 1022 δόρυ
1574 938 1856 1031 χάλκεον
1899 935 2047 1023 ᾔειν

266 1043 638 1125 οἰσόμενος·
682 1042 801 1106 τὸν
848 1037 920 1106 δὲ
965 1041 1266 1127 προσέφη
1315 1035 1580 1118 σθένος”
1599 1038 1998 1127 Ἰδομενῆος·

356 1149 714 1231 ,Μηριόνη
751 1149 995 1212 Μόλου
1030 1143 1136 1212 υἱὲ
1181 1147 1392 1223 πόδας
1433 1148 1620 1232 ταχύ,
1663 1144 1935 1232 φίλταθ’
1980 1148 2282 1236 ἑταίρων,

261 1251 434 1318 τίπτ’
486 1248 692 1334 ἦλθες
734 1255 1023 1337 πόλεμόν
1067 1274 1136 1316 τε
1182 1253 1394 1317 λιπὼν
1438 1251 1548 1317 καὶ
1596 1254 1935 1338 δηιοτῆτα;
2177 1270 2284 1321 250

263 1354 348 1443 ἦέ
387 1382 451 1424 τι
496 1358 791 1444 βέβληαι,
838 1359 1064 1442 βέλεος
1109 1356 1189 1424 δέ
1230 1374 1306 1422 σε
1350 1359 1550 1443 τείρει
1595 1358 1835 1443 ἀκωκή,

266 1461 351 1549 ἦέ
390 1488 504 1531 τευ
550 1465 857 1549 ἀγγελίης
900 1459 1038 1548 μετ’
1090 1460 1191 1548 ἔμ’
1243 1465 1525 1548 ἤλυθες;
1575 1465 1740 1531 οὐδέ
1778 1487 1883 1530 τοι
1927 1465 2126 1541 αὐτὸς

264 1567 474 1654 ἧσθαι
521 1570 619 1637 ε’νὶ
663 1574 954 1656 κλισίῃσι
999 1572 1366 1654 λιλαίομαι,
1412 1569 1577 1636 ἀλλά
1620 1570 2011 1655 μάχεσθαι.“

296 1730 299 1733 .
354 1679 473 1744 τὸν
520 1675 581 1741 δ’
634 1669 722 1742 αὖ
767 1677 1121 1761 Μηριόνης
1165 1675 1580 1760 πεπνυμένος
1626 1677 1857 1743 ἀντίον
1901 1674 2103 1761 ηὔδα·

267 1781 672 1868 [,,Ἰδομενεῦ
717 1786 1003 1868 Κρητῶν
1046 1784 1428 1867 βουληφόρε
1473 1783 2035 1866 χαλκοχιτώνων,]
2181 1801 2284 1850 255

266 1893 568 1976 ἔρχομαι,
615 1893 683 1954 εἴ
716 1891 788 1952 τί
825 1910 930 1954 τοι
975 1890 1164 1972 ἔγχος
1207 1884 1311 1952 ένὶ
1353 1891 1643 1973 κλισίῃσι
1688 1888 2037 1972 λέλειπται,

268 1983 641 2080 οἰσόμενος·
686 1997 764 2060 τό
800 2018 886 2059 νυ
921 1995 1048 2078 γὰρ
1084 1992 1504 2077 κατεάξαμεν,
1554 1993 1589 2058 ὃ
1626 1990 1787 2079 πρὶν
1834 1997 2124 2078 ἔχεσκον,

267 2101 514 2166 ἀσπίδα
559 2101 939 2184 Δηιφόβοιο
986 2098 1212 2181 βαλὼν
1257 2097 1886 2184 ὑπερηνορέοντος.“

354 2208 474 2274 τὸν
519 2203 580 2272 δ’
634 2199 784 2271 αὖτ’
837 2201 1208 2289 Ἰδομενεὺς
1251 2207 1536 2291 Κρητῶν
1590 2204 1751 2287 ἀγὸς
1802 2204 2032 2271 ἀντίον
2083 2206 2286 2289 ηὔδα·

267 2315 606 2399 ,,δούρατα
636 2306 730 2396 δ’,
755 2317 834 2377 αἴ
850 2308 910 2376 κ’
946 2309 1309 2396 ἐθέλῃσθα,
1336 2309 1446 2375 καὶ
1474 2312 1550 2376 ἓν
1575 2308 1686 2375 καὶ
1715 2316 1922 2377 εἴκοσι
1950 2313 2133 2395 δήεις
2179 2330 2283 2380 260

270 2416 529 2485 ἑστεῶτ’
583 2419 658 2484 ἐν
701 2420 920 2503 κλισίῃ
967 2419 1131 2503 πρὸς
1177 2417 1424 2483 ἐνώπια
1467 2421 1994 2501 παμφανόωντα,

277 2527 519 2612 Τρώια,
563 2526 644 2618 τὰ
687 2522 1028 2608 κταμένων
1072 2523 1495 2607 ἀποαίνυμαι.
1577 2523 1658 2588 οὐ
1701 2525 1830 2609 γὰρ
1876 2524 1996 2589 ὀίω

270 2632 537 2718 ἀνδρῶν
583 2628 965 2714 δυσμενέων
1011 2627 1160 2706 ἑκὰς
1207 2629 1552 2711 ἱστάμενος
1594 2632 1992 2713 πολεμίζειν·

268 2746 359 2826 τῷ
406 2744 541 2822 μοι’
565 2735 858 2822 δούρατά
900 2729 958 2799 τ’
1012 2737 1150 2799 ἔστι
1194 2732 1305 2800 καὶ
1350 2734 1621 2811 ἀσπίδες
1667 2735 2118 2820 ὀμφαλόεσσαι

270 2841 381 2908 καὶ
423 2845 713 2928 κόρυθες
755 2839 866 2906 καὶ
909 2841 1214 2925 θώρηκες
1258 2842 1560 2925 λαμπρὸν
1603 2843 2039 2924 γανόωντες.“
2181 2858 2285 2909 265

356 2951 476 3015 τὸν
520 2946 583 3014 δ’
636 2939 721 3013 αὖ
766 2943 1127 3033 Μηριόνης
1170 2945 1587 3030 πεπνυμένος
1632 2946 1863 3013 ἀντίον
1906 2948 2108 3031 ηὔδα·

271 3060 430 3140 ,,καί
466 3078 572 3121 τοι
617 3051 762 3138 ἐμοὶ
805 3052 986 3140 παρά
1030 3075 1101 3117 τε
1145 3056 1366 3138 κλισίῃ
1411 3049 1522 3115 καὶ
1566 3050 1679 3135 νηὶ
1724 3056 1999 3139 μελαίνῃ

200 3215 206 3220 .
270 3159 455 3228 πόλλ’
509 3163 713 3245 ἔναρα
764 3160 1039 3243 Τρώων·
1099 3154 1240 3224 ἀλλ’
1296 3156 1377 3223 οὐ
1423 3159 1661 3241 σχεδόν
1708 3158 1888 3226 ἐστιν
1932 3158 2221 3226 ἑλέσθαι.

271 3265 431 3335 οὐδὲ
473 3268 601 3352 γὰρ
648 3260 792 3329 οὐδ’
848 3262 965 3348 ἐμέ
1006 3287 1179 3349 φημι
1222 3263 1630 3348 λελασμένον
1676 3265 1947 3349 ἔμμεναι
1992 3265 2212 3350 ἀλκῆς,

220 3378 223 3381 ’
271 3374 434 3440 ἀλλά
477 3373 637 3458 μετὰ
679 3370 999 3453 πρώτοισι
1045 3370 1260 3455 μάχην
1308 3369 1436 3435 ἀνά
1478 3370 1907 3453 κυδιάνειραν
2181 3387 2285 3434 270

270 3480 554 3565 ἵσταμαι,
602 3476 844 3544 ὁππότε
889 3486 1107 3552 νεῖκος
1153 3476 1483 3561 ὀρώρηται
1529 3472 1861 3571 πολέμοιο.
