2525 3884
940 185 1240 238 ιΑῐΑΔοΣ
1275 187 1474 243 xvm.
2078 188 2205 252 125

210 329 338 390 καί
365 322 424 411 ῥ’
464 326 926 412 ὀλοφυρομένη
974 330 1128 392 ἔπεα
1173 331 1528 414 πτερόεντα
1570 331 1939 416 προσηύδα·

206 429 511 516 ,,τε’κνον,
554 437 628 498 τί
662 436 937 513 κλαίεις;
981 436 1053 498 τί
1091 432 1172 499 δέ
1210 450 1288 499 σε
1332 432 1581 521 φρένας
1624 436 1797 502 ἵκετο
1841 435 2118 514 πένθος;

74 610 83 622 ,
206 535 474 622 ἐξαύδα,
520 539 609 623 μὴ
645 546 866 605 κεῦθε.
953 541 1036 605 τὰ
1078 537 1201 625 μὲν
1247 540 1334 624 δή
1375 563 1482 606 τοι
1523 540 1888 607 τετέλεσται

205 641 291 708 ἐκ
323 647 512 728 Διός,
557 646 648 722 ὡς
692 645 822 728 ἄρα
864 645 947 729 δὴ
982 649 1141 733 πρίν
1176 641 1241 730 γ’
1284 646 1473 731 εὔχεο
1508 658 1729 732 χεῖρας
1764 647 2102 732 ἀνασχών,
2131 664 2200 714 75

201 750 450 828 πάντας
493 747 599 816 ἐπὶ
641 751 1020 837 πρύμνῃσιν
1063 751 1383 836 ἀλήμεναι
1423 743 1575 830 υἷας
1609 747 1887 837 Ἀχαιῶν

204 864 330 920 σεῦ
367 855 872 941 ἐπιδευομένους
914 854 1194 923 παθέειν
1235 851 1297 921 τ’
1337 857 1605 943 ἀεκήλια
1651 859 1874 944 ἔργα.“

296 962 411 1046 τὴν
439 958 513 1028 δὲ
538 963 712 1048 βαρὺ
740 961 1072 1046 στενάχων
1096 960 1399 1047 προσέφη
1426 966 1635 1041 πόδας
1654 964 1827 1042 ὠκὺς
1844 961 2201 1049 Ἀχιλλεύς·

199 1076 446 1154 ,,μῆτερ
490 1067 641 1151 ἐμή,
684 1068 768 1133 τὰ
809 1065 932 1153 μὲν
975 1068 1059 1154 ἄρ
1106 1090 1217 1152 μοι
1255 1065 1604 1153 Ὀλύμπιος
1648 1069 2079 1148 ἐξετέλεσσεν·

202 1171 370 1237 ἀλλὰ
409 1175 479 1237 τί
517 1197 630 1257 μοι
671 1184 805 1239 τῶν
847 1169 1043 1257 ἦδος,
1090 1170 1228 1239 ἐπεὶ
1273 1177 1468 1257 φίλος
1512 1171 1712 1240 ὤλεθ’
1755 1174 2010 1261 ἑταῖρος
2133 1192 2202 1242 80

200 1278 613 1365 Πάτροκλος,
659 1281 778 1345 τὸν
823 1279 949 1364 ἐγὼ
993 1278 1143 1365 περὶ
1189 1279 1457 1344 πάντων
1499 1290 1646 1344 τῖον
1692 1278 1998 1363 ἑταίρων,

201 1377 355 1449 ἶσον
401 1385 518 1472 ἐμῇ
562 1390 842 1471 κεφαλῇ·
884 1386 1004 1451 τὸν
1049 1386 1384 1469 ἀπώλεσα,
1429 1385 1662 1469 τεύχεα
1709 1379 1769 1450 δ’
1807 1383 2059 1473 Ἕκτωρ

199 1490 462 1574 δῃώσας
505 1491 791 1558 ἀπέδυσε
833 1492 1150 1575 πελώρια,
1194 1497 1428 1575 θαῦμα
1474 1489 1768 1574 ἰδέσθαι,

196 1597 393 1661 καλά·
434 1599 515 1664 τὰ
559 1595 681 1684 μὲν
725 1603 944 1682 Πηλῆι
987 1595 1140 1664 θεοὶ
1186 1599 1396 1663 δόσαν
1446 1596 1658 1681 ἀγλαὰ
1704 1599 1885 1683 δῶρα

196 1701 413 1785 ἤματι,
437 1711 559 1790 τῷ,
605 1704 714 1769 ὅτε
758 1720 832 1769 σε
876 1705 1124 1788 βροτοῦ
1166 1699 1404 1785 ἀνέρος
1447 1705 1738 1787 ἔμβαλον
1782 1703 1964 1790 εὐνῇ.
2132 1720 2200 1770 85

200 1802 343 1872 αὔθ’
382 1809 619 1893 ὄφελες
662 1811 747 1874 σὺ
790 1804 912 1892 μὲν
958 1802 1125 1872 αὖθι
1168 1802 1307 1891 μετ’
1349 1807 1688 1895 ἀθανάτῃς
1733 1808 1997 1896 ἁλίῃσιν

200 1915 441 1996 ναίειν,
490 1915 754 1997 Πηλεὺς
797 1910 873 1979 δὲ
914 1914 1177 1996 θνητὴν
1221 1912 1593 1997 ἀγαγέσθαι
1637 1915 1910 1980 ἄκοιτιν.

200 2027 328 2084 νῦν
371 2013 461 2103 δ’,
506 2018 620 2083 ἵνα
662 2014 773 2084 καὶ
818 2015 926 2083 σοὶ
967 2016 1218 2095 πένθος
1262 2017 1364 2084 ἐνὶ
1408 2017 1609 2103 φρεσὶ
1653 2022 1895 2105 μυρίον
1940 2025 2039 2101 εἴη

200 2126 432 2202 παιδὸς
475 2123 995 2209 ἀποφθιμένοιο,
1038 2125 1158 2190 τὸν
1204 2123 1326 2208 οὐχ
1372 2123 1718 2201 ὑποδέξεαι
1763 2119 1948 2201 αὖτις

203 2232 424 2296 οἴκαδε
469 2223 886 2313 νοστήσαντ’,
933 2226 1071 2295 ἐπεὶ
1114 2227 1265 2296 οὐδ’
1319 2225 1431 2313 ἐμὲ
1465 2229 1693 2315 ἢ«θυμὸς
1736 2228 1993 2312 ἄνωγεν
2131 2247 2200 2296 90

203 2336 386 2414 ζώειν
432 2331 583 2400 οὐδ’
626 2335 941 2418 ἄνδρεσσι
985 2333 1409 2419 μετέμμεναι,
1456 2338 1534 2398 αἴ
1569 2357 1642 2398 κε
1686 2334 1774 2419 μὴ
1805 2332 2057 2419 Ἕκτωρ

201 2451 455 2527 πρῶτος
500 2439 631 2528 ἐμῷ
677 2439 806 2505 ὑπὸ
854 2437 1048 2524 δουρὶ
1090 2437 1317 2516 τυπεὶς
1360 2439 1487 2504 ἀπὸ
1531 2440 1759 2522 θυμὸν
1805 2439 2074 2528 ὀλέσσῃ,

203 2547 615 2633 Πατρόκλοιο
662 2539 724 2610 δ’
765 2544 979 2630 ἕλωρα
1022 2536 1479 2611 Μενοιτιάδεω
1526 2544 1869 2631 ἀποτίσῃ.“

280 2654 402 2718 τὸν
449 2645 511 2717 δ’
553 2646 709 2716 αὖτε
750 2650 1093 2736 προσέειπε
1138 2650 1328 2727 Θέτις
1368 2651 1534 2716 κατὰ
1578 2649 1791 2734 δάκρυ
1838 2648 2109 2735 χέουσα·

200 2758 588 2842 »ὠκύμορος
632 2757 714 2841 δή
760 2779 900 2841 μοι,
945 2754 1159 2840 τέκος,
1208 2759 1459 2841 ἔσσεαι,
1506 2749 1592 2822 οῖ’
1646 2756 2010 2840 ἀγορεύεις·
2129 2772 2196 2822 95

201 2865 432 2930 αὐτίκα
474 2864 601 2948 γάρ
644 2885 748 2928 τοι
793 2864 1011 2928 ἔπειτα
1063 2857 1218 2947 μεθ’
1262 2861 1545 2948 Ἕκτορα
1588 2864 1834 2945 πότμος
1880 2861 2197 2949 ἑτοῖμος.“

283 2962 409 3054 τὴν
443 2967 519 3034 δὲ
553 2965 694 3053 μέγ’
728 2967 1021 3053 ὀχθήσας
1053 2967 1358 3053 προσέφη
1394 2969 1604 3044 πόδας
1642 2966 1816 3044 ὠκὺς
1842 2961 2196 3052 Ἀχιλλεύς·

199 3076 477 3160 »αὐτίκα
520 3078 868 3158 τεθναίην,
915 3072 1055 3140 ἐπεὶ
1102 3074 1225 3139 οὐκ
1269 3069 1376 3161 ἄρ’
1419 3078 1694 3159 ἔμελλον
1741 3072 1974 3164 ἑταίρῳ

199 3178 592 3268 κτεινομένῳ
640 3181 991 3266 ἐπαμῦναι·
1035 3179 1073 3247 ὁ
1118 3176 1240 3264 μὲν
1286 3182 1460 3265 μάλα
1502 3183 1741 3264 τηλόθι
1782 3181 2030 3267 πάτρης

61 3272 72 3285 ’
201 3283 446 3371 ἔφθιτ’,
494 3287 669 3371 ἐμεῖο
717 3281 779 3350 δ’
822 3287 1056 3370 ἔδησεν
1103 3285 1263 3372 ἀρῆς
1308 3285 1594 3372 ἀλκτῆρα
1636 3285 1972 3370 γενέσθαι.
2096 3304 2193 3353 100

189 3400 332 3457 -νῦν-
370 3389 460 3475 δ’,
506 3389 645 3458 ἐπεὶ
689 3391 771 3457 οὐ
814 3390 1055 3475 νέομαί
1099 3414 1174 3474 γε
1219 3394 1428 3475 φίλην
1473 3390 1541 3468 ἐς
1580 3392 1866 3475 πατρίδα
1907 3401 2133 3474 γαῖαν,

96 3532 105 3537 ’
206 3496 364 3563 οὐδέ
400 3521 467 3563 τι
510 3499 870 3583 Πατρόκλῳ
914 3499 1205 3580 γενόμην
1249 3497 1423 3581 φάος
1467 3491 1614 3560 οὐδ’
1657 3495 1987 3574 ἑτάροισιν
