2525 3884
223 233 309 297 22
979 233 1282 285 [AIAAoz
1317 234 1382 287 N.

212 374 581 463 Ἁρπαλίων
591 425 612 460 ,
659 377 694 442 ὅ
742 375 826 460 ῥα
869 373 1065 461 πατρὶ
1111 379 1285 462 φίλῳ
1325 373 1512 440 ἕπετο
1556 372 1963 459 πτολεμίξων

223 483 288 559 ἐς
342 487 618 570 Τροίην,
669 478 814 546 οὐδ’
868 477 1052 558 αὖτις
1098 481 1372 567 ἀφίκετο
1419 482 1702 566 πατρίδα
1748 492 1971 564 γαῖαν·
2125 495 2234 544 645

225 588 296 663 ὅς
341 586 426 671 ῥα
469 584 602 652 τότ’
648 584 982 671 Ἀτρεΐδαο
1028 585 1233 670 μέσον
1281 587 1476 663 σάκος
1522 587 1758 651 οὔτασε
1806 584 2000 673 δουρὶ

224 694 542 778 ἐγγύθεν,
591 690 748 758 οὐδὲ
797 694 1036 779 διαπρὸ
1084 694 1417 776 δυνήσατο
1463 693 1707 777 χαλκὸν
1754 692 2051 774 ἐλάσσαι,

224 798 317 876 ἂψ
365 800 406 865 δ
414 800 437 829 '
485 797 734 883 ἑτάρων
784 801 876 875 εἰς
922 801 1124 875 ἔθνος
1170 798 1424 882 ἐχάζετο
1471 795 1618 885 κῆρ’
1674 799 2015 880 ἀλεείνων,

223 905 508 971 πάντοσε
551 908 966 992 παπταίνων,
1013 906 1101 989 μή
1145 927 1245 980 τις
1273 908 1280 913 ’
1290 906 1455 989 χρόα
1498 909 1713 992 χαλκῷ
1765 904 2035 990 ἐπαύρῃ.

223 1012 574 1095 Μηριόνης
619 1005 685 1073 δ’
738 1008 1047 1085 ἀπιόντος
1091 1009 1177 1074 ἵει
1222 1005 1529 1094 χαλκήρε’
1583 1009 1808 1075 ὀιστὸν
2127 1026 2236 1075 650

223 1118 341 1180 καί
379 1113 441 1200 ῥ’
492 1118 687 1198 ἔβαλε
731 1115 1015 1198 γλουτὸν
1059 1115 1222 1191 κάτα
1269 1112 1513 1192 δεξιόν·
1560 1114 1765 1201 αὐτὰρ
1812 1116 2030 1192 ὀιστὸς

225 1222 535 1305 ἀντικρὺς
578 1223 741 1286 κατὰ
785 1222 1017 1287 κύστιν
1060 1218 1171 1286 ὑπ’
1224 1217 1458 1287 ὀστέον
1505 1220 1906 1307 ἐξεπέρησεν.

227 1325 527 1411 ἑζόμενος
572 1323 647 1392 δὲ
691 1324 830 1392 κατ’
885 1322 1079 1410 αὖθι,
1126 1330 1343 1414 φίλων
1390 1326 1464 1393 έν
1508 1326 1734 1412 χερσὶν
1780 1327 2055 1413 ἑταίρων

225 1434 450 1518 θυμὸν
496 1433 900 1517 ἀποπνείων,
949 1434 1037 1510 ὥς
1079 1456 1149 1499 τε
1187 1431 1443 1517 σκώληξ
1489 1432 1594 1498 ἐπὶ
1637 1438 1791 1520 γαίῃ

226 1551 401 1605 κεῖτο
438 1543 694 1616 ταθείς·
740 1539 809 1604 ἐκ
848 1534 915 1604 δ’
950 1532 1108 1623 αἷμα
1144 1538 1351 1624 μέλαν
1389 1538 1516 1621 ῥέε,
1565 1540 1717 1605 δεῦε
1766 1537 1840 1605 δὲ
1885 1551 2099 1623 γαῖαν.
2129 1555 2233 1605 655

225 1647 345 1710 τὸν
392 1642 512 1729 μὲν
560 1647 1001 1729 Παφλαγόνες
1047 1647 1483 1729 μεγαλήτορες
1527 1643 2010 1729 ἀμφεπένοντο,

230 1751 296 1827 ές
343 1753 588 1836 δίφρον
635 1745 706 1815 δ’
759 1748 1105 1826 ἀνέσαντες
1150 1752 1318 1833 ἄγον
1362 1748 1557 1836 προτὶ
1585 1749 1796 1817 Ἴλιον
1846 1753 1997 1836 ἱρὴν

231 1857 612 1942 ἀχνύμενοι·
661 1857 819 1940 μετὰ
865 1855 945 1921 δέ
986 1873 1106 1940 σφι
1150 1849 1362 1941 πατὴρ
1408 1859 1508 1921 κίε
1554 1856 1808 1941 δάκρυα
1844 1859 2108 1941 λείβων,

229 1963 427 2046 ποινὴ
476 1960 537 2028 δ’
592 1962 673 2027 οὔ
716 1985 815 2038 τις
858 1962 1094 2038 παιδὸς
1140 1961 1433 2045 ἐγίγνετο
1478 1969 1870 2045 τεθνηῶτος.

316 2078 439 2134 τοῦ
476 2067 550 2135 δὲ
579 2069 793 2153 Πάρις
821 2068 994 2152 μάλα
1028 2068 1256 2152 θυμὸν
1294 2067 1771 2153 ἀποκταμένοιο
1795 2068 2109 2153 .χολώθη·
2129 2086 2235 2136 660

232 2175 444 2253 ξεῖνος
487 2175 612 2261 γάρ
660 2177 730 2239 οί
768 2177 886 2258 ἔην
930 2172 1203 2239 πολέσιν
1248 2175 1407 2257 μετὰ
1453 2176 2039 2271 Παφλαγόνεσσιν·

229 2291 352 2347 τοῦ
390 2282 426 2347 ὅ
462 2305 537 2364 γε
581 2284 913 2365 χωόμενος
955 2283 1172 2365 προΐει
1218 2276 1520 2365 χαλκήρε’
1565 2279 1811 2346 ὀιστόν.

231 2383 316 2470 ἦν
363 2385 442 2452 δέ
479 2410 578 2464 τις
621 2387 948 2473 Εὐχήνωρ
995 2387 1342 2452 Πολυΐδου
1387 2387 1661 2471 μάντιος
1707 2387 1856 2463 υίὸς

233 2492 506 2575 ἀφνειός
548 2499 606 2557 τ’
658 2492 911 2575 ἀγαθός
954 2516 1044 2575 τε,
1091 2495 1478 2578 Κορινθόθι
1525 2494 1700 2557 οἰκία
1744 2496 1981 2576 ναίων,

234 2600 306 2675 ὅς
351 2596 413 2683 ῤ’
467 2599 541 2663 ἐὺ
587 2598 780 2674 εἰδὼς
822 2592 967 2682 κῆρ’
1021 2597 1222 2680 ὀλοὴν
1270 2597 1375 2663 ἐπὶ
1418 2600 1580 2682 νηὸς
1626 2600 1908 2681 ἔβαινεν.
2134 2614 2237 2665 665
2287 2669 2297 2683 ,
2390 2621 2402 2632 ·

233 2701 509 2769 πολλάκι
553 2704 680 2788 γάρ
728 2703 798 2767 oc
839 2706 1009 2768 ἔειπε
1054 2701 1269 2788 γέρων
1316 2703 1570 2787 ἀγαθὸς
1617 2704 1955 2780 Πολύιδος

233 2811 455 2898 νούσῳ
501 2805 613 2875 ὑπ’
665 2809 950 2896 ἀργαλέῃ
1002 2812 1296 2894 φθίσθαι
1343 2803 1443 2887 οἷς
1489 2810 1562 2876 έν
1608 2810 1998 2896 μεγάροισιν

233 2916 275 3000 ’ἢ
321 2912 457 3002 μετ’
504 2913 782 3001 Ἀχαιῶν
825 2913 1069 3003 νηυσὶν
1112 2915 1242 2980 ὑπὸ
1297 2916 1595 3002 Τρώεσσι
1641 2916 1955 3001 δαμῆναι·

232 3030 324 3109 τῷ
371 3018 434 3108 ῤ’
477 3023 608 3106 ἅμα
651 3017 711 3087 τ’
761 3021 1090 3107 ἀργαλέην
1126 3023 1320 3105 θωὴν
1367 3020 1660 3088 ἀλέεινεν
1699 3018 1976 3107 Ἀχαιῶν

234 3129 485 3192 νοῦσόν
528 3150 598 3192 τε
643 3130 990 3212 στυγερήν,
1038 3127 1149 3192 ἵνα
1193 3129 1281 3211 μὴ
1327 3127 1536 3193 πάθοι
1581 3128 1783 3211 ἄλγεα
1828 3134 2046 3215 θυμῷ.
2135 3143 2240 3192 670

233 3233 352 3297 τὸν
397 3226 547 3315 βάλ’
596 3231 725 3297 ὑπὸ
770 3239 1104 3316 γναθμοῖο
1147 3229 1257 3297 καὶ
1304 3233 1568 3309 οὔατος·
1618 3228 1754 3298 ὦκα
1802 3229 1875 3297 δὲ
1919 3234 2139 3316 θυμὸς

235 3334 420 3425 ᾤχετ’
473 3338 598 3403 ἀπὸ
646 3336 918 3423 μελέων,
967 3339 1281 3422 στυγερὸς
1327 3336 1387 3402 δ’
1440 3339 1568 3422 ἄρα
1614 3362 1730 3422 μιν
1778 3340 2013 3415 σκότος
2049 3330 2241 3403 εἶλεν.

324 3438 412 3520 ὧς
457 3445 528 3509 οί
567 3440 688 3529 μὲν
734 3444 1069 3529 μάρναντο
1117 3442 1319 3528 δέμας
1362 3445 1572 3528 πυρὸς
1619 3442 2037 3527 αἰθομένοιο·

221 3548 472 3637 ’Ἕκτωρ
519 3547 579 3615 δ’
634 3549 757 3615 οὐκ
802 3549 1122 3616 ἐπέπυστο
1170 3550 1484 3633 διίφιλος,
1531 3546 1696 3612 οὐδέ
1733 3571 1796 3611 τι
1841 3546 1994 3632 ᾔδη,
