2525 3884
1034 234 1337 286 ΙΛΙΑΔΟΣ
1372 235 1522 287 xm.
2193 229 2274 294 21

257 382 493 463 μακρῷ
540 375 847 464 ἐυξέστῳ·
891 376 1023 461 ἅμα
1069 377 1141 441 δ’
1187 375 1491 461 ἀλλήλων
1537 375 1863 461 ἐφίκοντο.

257 477 303 564 ἦ
351 504 459 546 τοι
504 482 539 547 ὁ
588 479 710 566 μὲν
755 485 1051 568 κόρυθος
1097 483 1314 566 φάλον
1357 483 1606 565 ἤλασεν
1655 482 2081 564 ἱπποδασείης

260 589 478 672 ἄκρον
511 588 642 654 ὑπὸ
679 591 896 673 λόφον
941 588 1180 672 αὐτόν,
1229 587 1266 655 ὁ
1314 585 1388 653 δὲ
1432 590 1793 673 προσιόντα
1839 587 2141 672 μέτωπον
2177 602 2280 653 615

262 693 456 779 ῥινὸς
497 694 665 780 ὕπερ
709 695 1029 779 πυμάτης·
1076 694 1230 760 λάκε
1277 688 1340 758 δ’
1393 693 1615 777 ὀστέα,
1660 694 1751 759 τὼ
1800 692 1878 760 δέ
1921 694 1991 759 οἰ
2029 695 2184 759 ὄσσε

260 801 401 884 πάρ
447 798 647 865 ποσὶν
693 802 1087 885 αἱματόεντα
1130 798 1332 886 χαμαὶ
1376 798 1582 866 πέσον
1628 799 1701 866 ἐν
1746 802 2077 885 κονίῃσιν,

265 906 533 989 ἰδνώθη
582 904 657 972 δὲ
699 908 940 972 πεσών.
1023 906 1059 973 ὁ
1107 904 1181 972 δὲ
1224 905 1343 985 λάξ
1390 905 1463 973 ἐν
1510 907 1783 989 στήθεσι
1828 907 2081 989 βαίνων

263 1012 499 1095 τεύχεά
543 1008 600 1077 τ’
652 1011 977 1098 ἐξενάριξε
1019 1009 1131 1077 καὶ
1176 1012 1526 1097 εὐχόμενος
1570 1014 1724 1089 ἔπος
1766 1012 1966 1096 ηὔδα·

265 1116 583 1200 »λείψετέ
621 1124 760 1200 θην
807 1117 980 1183 οὕτω
1024 1140 1102 1201 γε
1145 1116 1304 1194 νέας
1346 1123 1641 1184 Δαναῶν
1683 1118 2121 1203 ταχυπώλων,
2178 1132 2281 1184 620

271 1227 498 1308 Τρῶες
541 1224 970 1309 ὑπερφίαλοι,
1019 1224 1242 1307 δεινῆς
1287 1223 1596 1310 ἀκόρητοι
1640 1224 1868 1309 ἀυτῆς,

266 1330 475 1412 ἄλλης
519 1327 641 1413 μὲν
686 1331 903 1413 λώβης
945 1352 1016 1396 τε
1057 1327 1171 1394 καὶ
1216 1335 1476 1415 αἴσχεος
1522 1329 1644 1395 οὐκ
1690 1329 2035 1413 ἐπιδευεῖς,

265 1435 359 1517 ’ἣν
405 1432 517 1520 ἐμὲ
561 1438 985 1519 λωβήσασθε,
1031 1433 1226 1501 κακαὶ
1269 1436 1494 1517 κύνες,
1542 1433 1706 1500 οὐδέ
1744 1458 1809 1499 τι
1852 1442 2048 1523 θυμῷ

271 1541 496 1623 Ζηνὸς
542 1541 973 1629 ἐριβρεμέτεω
1019 1543 1310 1629 χαλεπὴν
1358 1541 1648 1608 ἐδείσατε
1693 1550 1892 1626 μῆνιν

271 1646 557 1730 ξεινίου,
605 1648 679 1725 ὅς
721 1648 798 1715 τέ
835 1645 981 1714 ποτ’
1032 1649 1199 1734 ὔμμι
1245 1647 1646 1735 διαφθέρσει
1689 1648 2151 1732 πόλιν-αἰπήν·
2180 1662 2282 1714 626

270 1753 346 1818 οἳ
384 1777 508 1837 μευ
552 1755 903 1839 κουριδίην
949 1756 1192 1839 ἄλοχον
1236 1753 1347 1820 καὶ
1390 1758 1680 1840 κτήματα
1723 1756 1935 1821 πολλὰ

271 1860 415 1942 μάψ
460 1857 711 1944 οἴχεσθ’
765 1860 1147 1945 ἀνάγοντες,
1196 1858 1335 1927 ἐπεὶ
1381 1860 1694 1946 φιλέεσθε
1736 1857 1891 1946 παρ’
1944 1861 2135 1944 αὐτῇ·

272 1974 405 2029 νῦν
450 1960 596 2030 αὖτ’
648 1965 721 2032 ἐν
764 1965 1010 2050 νηυσὶν
1054 1970 1447 2051 μενεαίνετεΙ
1473 1970 1987 2052 ποντοπόροισιν

271 2080 409 2156 πῦρ
458 2072 656 2137 ὀλοὸν
694 2072 995 2157 βαλέειν,
1042 2083 1290 2139 κτεῖναι
1336 2068 1398 2137 δ’
1447 2074 1667 2159 ἥρωας
1704 2069 2020 2156 Ἀχαιούς.

276 2176 440 2241 ἀλλά
484 2184 653 2244 ποθι
697 2182 1047 2264 σχήσεσθε,
1092 2178 1201 2245 καὶ
1247 2179 1606 2264 ἐσσύμενοί
1644 2200 1796 2264 περ,
1824 2174 2082 2263 Ἀρηος.
2183 2195 2284 2245 03⁰

276 2287 408 2348 Ζεῦ
452 2284 684 2370 πάτερ,
731 2281 773 2368 ἦ
808 2283 885 2350 τέ
925 2283 1005 2350 σέ
1044 2303 1211 2370 φασι
1254 2284 1406 2372 περὶ
1451 2283 1701 2371 φρένας
1736 2287 2008 2369 ἔμμεναι
2043 2285 2282 2365 ἄλλων,

277 2389 547 2477 ἀνδρῶν
591 2389 712 2474 ἠδὲ
755 2398 968 2474 θεῶν,
1016 2391 1130 2458 σέο
1177 2392 1250 2456 δ’
1300 2391 1370 2457 ἐκ
1413 2392 1569 2457 τάδε
1613 2390 1825 2456 πάντα
1870 2389 2198 2457 πέλονται·

277 2487 423 2559 οἷον
469 2496 553 2583 δὴ
598 2497 915 2583 ἄνδρεσσι
958 2501 1247 2584 χαρίζεαι
1292 2497 1711 2584 ὑβριστῇσιν,

285 2605 582 2688 Τρωσίν,
626 2613 762 2668 τῶν
806 2602 1004 2688 μένος
1028 2601 1196 2669 ,αἰὲν
1241 2601 1648 2686 ἀτάσθαλον,
1698 2602 1856 2669 οὐδὲ
1902 2603 2224 2668 δύνανται

278 2710 647 2792 φυλόπιδος
690 2707 1094 2795 κορέσασθαι
1138 2708 1401 2795 ὁμοιίου
1442 2708 1772 2794 πολέμοιο.
2181 2724 2284 2775 635

279 2816 542 2881 πάντων
587 2811 709 2899 μὲν
753 2818 949 2902 κόρος
995 2816 1161 2899 ἐστί,
1206 2813 1315 2880 καὶ
1359 2814 1576 2881 ὕπνου
1621 2813 1729 2880 καὶ
1775 2816 2126 2900 φιλότητος

283 2925 530 3004 μολπῆς
573 2944 644 2986 τε
689 2926 1005 3007 γλυκερῆς
1047 2918 1156 2986 καὶ
1202 2920 1539 3006 ἀμύμονος
1584 2921 1982 3006 ὀρχηθμοῖο,

280 3037 410 3092 τῶν
450 3025 578 3113 ’πέρ
623 3051 721 3104 τις
766 3025 875 3092 καὶ
922 3031 1172 3112 μᾶλλον
1220 3026 1507 3093 ἐέλδεται
1554 3027 1618 3106 ἐξ
1665 3029 1821 3110 ἔρον
1866 3018 2035 3092 εἶναι

281 3133 319 3216 ἢ
362 3132 679 3217 πολέμου·
735 3137 954 3219 Τρῶες
997 3132 1071 3199 δὲ
1114 3132 1324 3218 μάχης
1368 3133 1681 3219 ἀκόρητοι
1726 3134 1975 3198 ἔασιν.“

258 3292 262 3297 .
365 3235 455 3317 ὧς
498 3242 700 3305 εἰπὼν
743 3242 824 3306 τά
868 3237 990 3325 μὲν
1036 3234 1199 3305 ἔντε’
1249 3239 1377 3305 ἀπὸ
1422 3240 1618 3325 χροὸς
1663 3240 2053 3323 αἱματόεντα
2178 3254 2282 3304 640

281 3348 568 3430 συλήσας
613 3344 901 3433 ἑτάροισι
947 3347 1143 3412 δίδου
1188 3343 1533 3422 Μενέλαος
1578 3345 1885 3430 ἀμύμων,

283 3452 476 3530 αὐτὸς
520 3449 582 3516 δ’
637 3448 779 3517 αὖτ’
812 3451 1083 3530 ’ἐξαῦτις
1130 3454 1251 3516 ἰὼν
1295 3452 1732 3537 προμάχοισιν
1779 3451 2035 3533 ἐμίχθη.

367 3562 537 3625 ἔνθα
585 3560 654 3623 οἱ
692 3560 838 3635 υἱὸς
884 3557 1119 3623 ἐπᾶλτο
1167 3552 1621 3638 Πυλαιμένεος
1664 3555 1976 3637 βασιλῆος
