2525 3884
1076 164 1379 217 ΙΛΙΑΔΟΣ
1413 167 1558 218 m
2198 162 2321 227 181

292 305 558 381 ὄζοισιν
603 315 972 389 πυκινοῖσι,
1017 306 1408 390 γεφύρωσεν
1454 304 1535 372 δέ
1572 327 1689 392 μιν
1736 307 1939 373 αὐτὸν
2218 322 2322 373 245

291 415 462 475 εἴσω
508 405 663 475 πᾶσ’
714 409 1035 496 ἐριποῦσ’·
1082 411 1121 479 ὁ
1167 409 1228 477 δ’
1282 410 1387 498 ἄρ’
1441 412 1514 478 ἐκ
1561 413 1749 497 δίνης
1795 413 2167 500 ἀνορούσας

286 515 486 599 ἤιξεν
529 517 786 582 πεδίοιο
833 515 990 583 ποσὶ
1033 529 1414 604 κραιπνοῖσι
1458 516 1807 604 πέτεσθαι,

300 623 554 699 δείσας.
610 622 773 688 οὐδέ
813 618 871 686 τ’
926 625 1117 706 ἔληγε
1159 624 1322 700 θεὸς
1366 624 1598 709 μέγας,
1654 620 1826 710 ὦρτο
1875 622 1941 691 δ’
1993 623 2091 692 ἐπ’
2146 626 2320 714 αὐτῷ

293 728 883 814 ἀκροκελαινιόων,
931 729 1041 794 ἵνα
1085 752 1202 813 μιν
1245 731 1518 796 παύσειε
1562 732 1799 796 πόνοιο

293 835 460 900 δῖον
496 832 835 919 Ἀχιλλῆα,
887 835 1186 920 Τρώεσσι
1232 832 1307 901 δὲ
1352 838 1581 921 λοιγὸν
1628 837 1917 904 ἀλάλκοι.
2219 853 2322 904 260

292 942 640 1024 Πηλεΐδης
684 938 745 1006 δ’
799 939 1204 1027 ἀπόρουσεν,
1252 942 1414 1008 ὅσον
1459 940 1516 1007 τ’
1569 942 1678 1010 ἐπὶ
1723 944 1966 1030 δουρὸς
2011 942 2213 1030 ἐρωή,

293 1049 530 1113 αἰετοῦ
573 1044 789 1132 οἴματ’
843 1049 1014 1131 ἔχων
1058 1046 1341 1132 μέλανος
1382 1058 1503 1115 τοῦ
1547 1056 1965 1136 θηρητῆρος,

297 1155 378 1231 ὅς
424 1149 497 1217 θ’
552 1153 685 1237 ἅμα
728 1154 1074 1239 κάρτιστός
1117 1138 1188 1220 τε
1232 1152 1343 1219 καὶ
1389 1156 1663 1232 ὤκιστος
1706 1167 2065 1238 πετεηνῶν·

296 1268 392 1347 τῷ
442 1259 629 1336 ἐικὼς
670 1258 872 1342 ἤιξεν,
921 1257 1026 1325 ἐπὶ
1071 1262 1391 1344 στήθεσσι
1438 1258 1511 1326 δὲ
1554 1262 1793 1345 χαλκὸς

0 1484 3 1561 Ἰ
298 1466 527 1556 φεῦγ’,
575 1471 612 1536 ὁ
661 1469 720 1536 δ’
774 1474 1016 1538 ὄπισθε
1061 1470 1234 1558 ῥέων
1281 1472 1469 1539 ἕπετο
1515 1473 1773 1562 μεγάλω
1821 1473 2195 1562 ὀρυμαγδῷ.

297 1579 395 1656 ὡς
438 1573 500 1643 δ’
552 1574 647 1644 ὅτ’
699 1578 866 1664 ἀνὴρ
912 1578 1222 1664 ὀχετηγὸς
1265 1578 1392 1643 ἀπὸ
1437 1583 1685 1664 κρήνης
1728 1580 2149 1666 μελανύδρου

0 1716 3 1761 μ
296 1685 395 1769 ἃμ
439 1685 617 1768 φυτὰ
658 1680 770 1750 καὶ
811 1685 1063 1767 κήπους
1107 1684 1304 1750 ὕδατι
1350 1683 1513 1770 ῥόον
1556 1685 1955 1773 ἡγεμονεύῃ,

289 1789 488 1877 χερσὶ
533 1791 860 1874 μάκελλαν
907 1793 1078 1874 ἔχων
1124 1788 1378 1877 ἀμάρης
1423 1791 1490 1871 ἐξ
1538 1796 1777 1878 ἔχματα
1822 1793 2113 1878 βάλλων·

291 1905 425 1962 τοῦ
470 1894 591 1981 μέν
636 1919 707 1962 τε
751 1893 1154 1981 προρέοντος
1197 1896 1329 1963 ὑπὸ
1375 1900 1664 1983 ψηφῖδες
1707 1900 1953 1964 ἅπασαι
2212 1914 2316 1964 260

293 2005 672 2088 ὀχλεῦνται·
717 2003 792 2068 τὸ
840 1999 920 2067 δέ
959 1997 1015 2065 τ’
1070 1998 1206 2067 ὦκα
1248 2006 1718 2088 κατειβόμενον
1762 2006 2097 2089 κελαρύζει

292 2110 493 2196 χώρῳ
541 2111 641 2173 ἔνι
683 2113 980 2193 προαλεῖ,
1026 2109 1275 2193 φθάνει
1323 2107 1401 2174 δέ
1441 2132 1510 2175 τε
1556 2106 1667 2174 καὶ
1708 2109 1827 2174 τὸν
1874 2110 2145 2192 ἄγοντα·

295 2211 392 2292 ὧς
437 2211 564 2279 αἰεὶ
600 2212 865 2298 Ἀχιλῆα
907 2217 1218 2298 κιχήσατο
1263 2223 1439 2299 κῦμα
1485 2214 1671 2300 ῥόοιο

295 2319 412 2388 καὶ
456 2321 786 2406 λαιψηρὸν
832 2320 1051 2386 ἐόντα·
1096 2318 1250 2387 θεοὶ
1298 2319 1376 2386 δέ
1413 2343 1485 2386 τε
1530 2319 1837 2407 φέρτεροι
1882 2321 2165 2408 ἀνδρῶν.

299 2426 537 2494 ὁσσάκι
583 2420 646 2491 δ’
699 2425 1004 2511 ὁρμήσειε
1047 2426 1381 2514 ποδάρκης
1427 2426 1571 2504 δῖος
1609 2420 1935 2510 Ἀχιλλεὺς
2212 2444 2313 2493 265

301 2541 541 2617 στῆναι
587 2532 964 2616 ἐναντίβιον
1005 2531 1117 2598 καὶ
1161 2533 1516 2617 γνώμεναι,
1562 2538 1630 2597 εἴ
1664 2556 1781 2617 μιν
1827 2534 2105 2610 ἅπαντες

307 2640 637 2705 ἀθάνατοι
682 2638 1035 2724 φοβέουσι,
1081 2636 1185 2704 τοὶ
1231 2638 1524 2724 οὐρανὸν
1571 2638 1777 2725 εὐρὺν
1822 2642 2120 2724 ἔχουσιν,

297 2747 572 2812 τοσσάκι
616 2769 731 2830 μιν
775 2743 941 2829 μέγα
985 2753 1159 2828 κῦμα
1205 2745 1528 2822 διιπετέος
1571 2755 1893 2829 ποταμοῖο

305 2850 488 2932 πλάζ’
543 2853 764 2936 ὤμους
806 2850 1264 2935 καθύπερθεν·
1312 2851 1347 2917 ὁ
1394 2848 1456 2916 δ’
1509 2851 1720 2929 ὑψόσε
1763 2848 2003 2916 ποσσὶν
2049 2851 2255 2936 ἐπήδα

298 2960 495 3047 θυμῷ
542 2956 854 3034 ἀνιάζων·
899 2957 1188 3040 ποταμὸς
1236 2950 1298 3021 δ’
1348 2956 1478 3022 ὑπὸ
1524 2949 1797 3039 γούνατ’
1841 2955 2089 3040 ἐδάμνα
2207 2974 2311 3024 270

298 3064 544 3150 λάβρος
587 3062 846 3128 ὕπαιθα
893 3059 1087 3147 ῥέων,
1133 3063 1369 3145 κονίην
1416 3057 1484 3126 δ’
1534 3059 1852 3148 ὑπέρεπτε
1897 3063 2178 3128 ποδοῖιν.

303 3170 633 3254 Πηλεΐδης
679 3163 746 3234 δ’
791 3167 1061 3257 ᾤμωξεν
1109 3168 1275 3233 ἰδὼν
1320 3170 1413 3245 εἰς
1457 3167 1750 3253 οὐρανὸν
1796 3166 2032 3253 εὐρύν·
2090 3173 2106 3187 '

296 3280 478 3360 ,,Ζεῦ
523 3276 757 3362 πάτερ,
805 3275 895 3353 ὡς
941 3274 1023 3339 οὔ
1067 3276 1164 3350 τίς
1210 3297 1290 3359 με
1334 3280 1519 3338 θεῶν
1564 3273 1854 3340 ἐλεεινὸν
1899 3273 2142 3358 ὑπέστη

302 3381 376 3448 ἐκ
420 3391 749 3465 ποταμοῖο
799 3391 1076 3446 σαῶσαι·
1124 3383 1345 3445 ἔπειτα
1392 3377 1467 3445 δὲ
1509 3383 1626 3445 καί
1662 3403 1726 3444 τι
1768 3380 2069 3464 πάθοιμι.

297 3489 498 3566 ἄλλος
545 3485 606 3552 δ’
661 3487 743 3551 οὔ
787 3489 885 3563 τίς
930 3509 1043 3570 μοι
1086 3487 1288 3551 τόσον
1336 3490 1543 3560 αἴτιος
1590 3484 2071 3566 Οὐρανιώνων,
2208 3500 2311 3547 275

0 3840 1768 3884 *nh———ssffl

302 1363 714 1451 σμερδαλέον
759 1367 1129 1449 κονάβιζεν·
1152 1367 1433 1449 ἱ’ὕπαιθα
1479 1364 1554 1432 δὲ
1597 1376 1739 1432 τοῖο
1785 1365 2084 1444 λιασθεὶς
2216 1381 2318 1433 255
2411 1370 2420 1377 ’
