2525 3884
294 135 378 199 72
1099 139 1403 192 ΙΛΙΑΔοΣ
1439 141 1512 194 11.

295 274 633 366 [Ἀργεῖον
685 282 932 367 Τρώων
977 278 1078 348 δὲ·
1096 285 1287 361 πόλις
1332 280 1440 348 ἐπὶ
1482 292 1659 348 πᾶσα
1704 281 1981 367 βέβηκεν

290 387 662 478 θάρσυνος·
708 388 791 454 ού
825 390 951 474 γὰρ
989 388 1145 474 ἐμῆς
1177 392 1472 474 κόρυθος
1507 389 1861 455 λεύσσουσι
1897 387 2199 473 με’τωπον
2229 403 2314 454 '¹10

292 491 533 575 ἐγγύθι
576 492 1019 578 λαμπομένης·
1063 494 1227 579 τάχα
1270 518 1386 561 κεν
1428 490 1789 589 φεύγοντες
1834 493 2156 571 ἐναύλους

289 600 610 682 πλήσειαν
653 600 939 683 νεκύων,
985 605 1053 666 εἴ
1089 622 1201 685 μοι
1245 603 1484 684 κρείων
1521 597 1940 684 Ἀγαμέμνων

290 703 451 786 ἤπια
495 706 726 788 εἰδείη·
769 714 899 770 νῦν
943 701 1018 770 δὲ
1062 707 1344 791 στρατὸν
1388 706 1892 790 ἀμφιμάχονται.

292 808 374 874 οὐ
417 811 544 895 γὰρ
598 813 922 877 Τυδεΐδεω
968 813 1345 895 Διομήδεος
1394 811 1468 877 ἐν
1511 812 1888 897 παλάμῃσιν

292 918 588 999 μαίνεται
634 916 848 1001 ἐγχείη
894 923 1186 982 Δαναῶν
1231 917 1358 983 ἀπὸ
1404 919 1633 1000 λοιγὸν
1682 918 1952 1002 ἀμῦναι·
2228 934 2302 985 ’ῖό

292 1019 456 1088 οὐδέ
493 1042 595 1087 πω
632 1015 968 1107 Ἀτρεΐδεω
1016 1021 1176 1098 ὀπὸς
1219 1024 1457 1087 ἔκλυον
1502 1022 1915 1105 αὐδήσαντος

292 1126 535 1213 ἐχθρῆς
579 1126 650 1192 ἐκ
693 1133 1006 1212 κεφαλῆς·
1052 1122 1196 1192 ἀλλ’
1229 1125 1543 1214 ’Έκτορος
1589 1128 2038 1214 ἀνδροφόνοιο

299 1232 518 1316 Τρωσὶ
560 1234 946 1310 κελεύοντος
988 1234 1449 1319 περιάγνυται,
1496 1235 1568 1299 οἰ
1607 1231 1669 1299 δ’
1712 1234 2011 1322 ἀλαλητῷ

290 1347 422 1404 πᾶν
466 1341 699 1406 πεδίον
742 1338 1118 1424 κατέχουσι,
1164 1340 1338 1426 μάχῃ
1382 1350 1696 1417 νικῶντες
1732 1336 2074 1424 Ἀχαιούς]

246 1462 252 1468 ·
291 1445 457 1511 ἀλλὰ
499 1443 609 1512 καὶ
655 1440 771 1529 ὧς,
819 1447 1192 1531 Πάτροκλε,
1236 1456 1412 1510 νεῶν
1456 1445 1584 1511 ἀπὸ
1631 1448 1859 1529 λοιγὸν
1904 1446 2176 1529 ἀμύνων
2222 1462 2298 1514 80

290 1548 513 1636 ἔμπεσ’
558 1540 977 1636 ἐπικρατέως,
1024 1553 1112 1635 μὴ
1162 1553 1243 1635 δὴ
1290 1552 1498 1636 πυρὸς
1535 1550 1931 1636 ἀὐθομένοιο

289 1665 455 1740 νῆας
498 1656 929 1744 ἐνιπρήσωσι,
976 1660 1177 1742 φίλον
1225 1654 1287 1722 δ’
1332 1657 1458 1722 ἀπὸ
1505 1659 1748 1723 νόστον
1792 1657 2085 1723 ἕλωνται.

289 1766 521 1829 πείθεο
568 1759 659 1845 δ’,
707 1763 795 1839 ὥς
838 1784 939 1827 τοι
985 1762 1112 1844 ἐγὼ
1157 1763 1384 1845 μύθου
1427 1760 1613 1840 τέλος
1658 1762 1732 1828 ἐν
1777 1761 1976 1849 φρεσὶ
2017 1766 2217 1848 θείω,
2332 1806 2341 1821 ‚
2473 1788 2481 1821 ι

294 1869 409 1950 [ὡς
452 1870 537 1934 ἄν
582 1892 694 1954 μοι
738 1868 934 1952 τιμὴν
979 1869 1271 1952 μεγάλην
1313 1866 1424 1933 καὶ
1466 1870 1669 1946 κῦδος
1712 1870 1910 1954 ἄρηαι
2114 1937 2117 1941 ,

289 1976 453 2057 πρὸς
495 1974 761 2040 πάντων
805 1980 1126 2058 Δαναῶν,
1172 1974 1335 2060 ἀτὰρ
1382 1974 1453 2040 οἱ
1490 1974 1879 2060 περικαλλέα
1922 1977 2173 2061 κούρην
2222 1993 2294 2042 85

290 2080 384 2160 ἂψ
428 2081 926 2164 ἀπονάσσωσιν,
971 2077 1123 2144 ποτὶ
1169 2074 1230 2144 δ’
1274 2080 1485 2163 ἀγλαὰ
1530 2082 1712 2163 δῶρα
1755 2083 2094 2164 πόρωσιν.]

291 2187 363 2252 ἐκ
406 2198 589 2271 νηῶν
634 2186 870 2264 ἐλάσας
915 2185 1085 2251 ἰέναι
1128 2185 1353 2251 πάλιν·
1399 2188 1464 2252 εἰ
1505 2185 1584 2252 δέ
1622 2211 1738 2252 κεν
1783 2183 1892 2252 αὖ·
1912 2210 2013 2253 τοι

292 2294 678 2378 δώῃ-κῦδος
722 2290 1006 2377 ἀρέσθαι
1052 2291 1447 2377 ἐρίγδουπος
1490 2295 1682 2370 πόσις
1709 2291 1947 2380 ”Ηρης,

290 2399 378 2482 μὴ
426 2399 510 2462 σύ
554 2391 617 2481 γ’
659 2397 947 2463 ἄνευθεν
993 2398 1170 2482 ἐμεῖο
1215 2401 1592 2464 λιλαίεσθαι
1635 2402 2003 2484 πολεμίζειν
2063 2414 2071 2425 “

298 2499 516 2588 Τρωσὶ
562 2499 1170 2587 φιλοπτολέμοισιν·
1216 2501 1604 2587 ἀτιμότερον
1651 2501 1730 2567 δέ
1767 2527 1846 2587 με
1890 2507 2149 2587 θήσεις·
2220 2523 2286 2573 90

291 2604 446 2692 μηδ’
489 2606 1013 2690 ἐπαγαλλόμενος
1055 2605 1318 2694 πολέμω
1362 2605 1473 2673 καὶ
1519 2610 1843 2691 δηιοτῆτι,
1922 2678 1926 2683 ,

298 2718 526 2800 Τρῶας
570 2711 994 2797 ἐναιρόμενος
1037 2710 1232 2798 προτὶ
1258 2713 1470 2780 Ἴλιον
1518 2714 1974 2800 ἡγεμονεύειν,

292 2821 380 2904 μή
423 2842 523 2895 τις
567 2812 676 2884 ἀπ’
721 2818 1107 2902 Οὐλύμποιο
1153 2825 1337 2885 θεῶν
1382 2821 1842 2903 αἰειγενετάων
1911 2907 1920 2913 .

293 2926 524 3012 ἐμβήῃ·
572 2924 744 3010 μάλα
788 2923 947 3000 τούς
988 2947 1064 3007 γε
1110 2930 1297 3009 φιλεῖ·
1336 2923 1643 3010 ἑκάεργος
1680 2920 2039 2994 Ἀπόλλων·

292 3032 456 3097 ἀλλά
501 3031 699 3097 πάλιν
741 3037 1161 3116 τρωπᾶσθαι,
1211 3031 1377 3114 ἐπὴν
1420 3032 1593 3116 φάος
1638 3030 1711 3097 ἐν
1755 3035 2027 3116 νήεσσιν
2219 3052 2282 3101 96

290 3139 510 3223 θείης,
555 3138 713 3213 τοὺς
758 3134 838 3201 δέ
874 3133 932 3200 τ’
977 3136 1093 3202 ἐᾶν
1135 3138 1370 3202 πεδίον
1414 3138 1577 3203 κάτα
1623 3138 2089 3223 δηριάασθαι.“

295 3245 396 3327 [αἲ
434 3245 592 3330 γάρ,
640 3246 772 3308 Ζεῦ
813 3266 885 3308 τε
928 3243 1130 3328 πάτερ
1175 3241 1286 3309 καὶ
1325 3238 1645 3327 Ἀθηναίη
1690 3242 1801 3309 καὶ
1828 3243 2183 3330 Ἄπολλον,

292 3353 450 3437 μήτε
493 3374 592 3428 τις
636 3344 761 3416 οὖν
813 3350 1060 3436 Τρώων
1103 3350 1403 3416 θάνατον
1448 3351 1683 3435 φύγοι,
1727 3351 1919 3417 ’ὅσσοι
1963 3353 2177 3435 ἔασιν,

292 3461 450 3543 μήτε
493 3482 593 3535 τις
631 3454 971 3544 Ἀργείων,
1018 3468 1186 3522 νῶιν
1231 3454 1292 3521 δ’
1338 3457 1618 3543 ἐκδῦμεν
1662 3459 1978 3543 ὄλεθρον,
