2525 3884
977 201 1280 254 ΙΛΙΑΔΟΣ
1315 201 1516 254 xxm.
2119 203 2246 267 221

231 344 359 410 οὐκ
397 338 572 427 ἔσθ’,
614 344 688 421 ὅς
721 341 801 409 κέ
829 339 891 408 σ’
926 341 1113 429 ἕλῃσι
1154 343 1554 429 μετάλμενος
1590 342 1748 411 οὐδὲ
1781 346 2107 434 παρέλθῃ,
2147 364 2249 413 345

232 444 388 516 οὐδ’
431 455 500 516 εἴ
537 473 653 516 κεν
699 451 1101 534 μετόπισθεν
1139 444 1441 536 Ἀρείονα
1488 451 1639 517 δῖον
1687 451 1983 537 ἐλαύνοι,

239 551 611 642 Ἀδρήστου
656 557 865 639 ταχὺν
910 554 1141 639 ἵππον,
1189 554 1263 633 ὃς
1310 555 1381 622 ἐκ
1423 559 1673 640 θεόφιν
1716 557 1910 641 γένος
1951 555 2101 643 ἦεν,

230 660 275 745 ἢ
320 664 481 738 τοὺς
533 660 1027 745 Λαομέδοντος,
1094 664 1167 727 οἳ
1216 661 1461 729 ἐνθάδε
1503 657 1568 746 γ’
1611 666 1895 750 ἔτραφεν
1953 665 2251 732 ἐσθλοί.“

323 762 415 844 ὧς
462 767 665 832 εἰπὼν
710 767 989 852 Νέστωρ
1036 770 1339 852 Νηλήιος
1382 767 1477 847 ἂψ
1520 767 1623 835 ἐνὶ
1664 770 1846 857 χώρῃ

231 869 423 968 ἕζετ’,
470 871 611 939 ἐπεὶ
655 864 709 961 ᾧ
754 871 942 939 παιδὶ
987 871 1264 940 ἑκάστου
1304 869 1558 961 πείρατ’
1599 878 1830 943 ἔειπεν.
2149 895 2255 945 350

231 969 590 1065 Μηριόνης
636 978 698 1045 δ’
742 981 870 1066 ἄρα
923 978 1210 1065 πέμπτος
1265 981 1568 1068 ἐύτριχας
1622 982 1950 1050 ὁπλίσαθ’
1994 983 2252 1062 ἵππους.

234 1086 322 1151 ἄν
371 1081 433 1151 δ’
476 1089 637 1170 ἔβαν
681 1085 748 1163 ἐς
786 1087 1100 1172 δίφρους,
1145 1086 1221 1153 ἐν
1269 1084 1344 1153 δὲ
1386 1091 1672 1174 κλήρους
1717 1089 2063 1173 ἐβάλοντο·

233 1189 431 1258 πάλλ’
497 1187 816 1277 Ἀχιλεύς,
864 1191 936 1258 ἐκ
981 1189 1058 1257 δὲ
1090 1196 1333 1278 κλῆρος
1377 1194 1545 1279 θόρε
1590 1197 2007 1281 Νεστορίδαο

244 1293 655 1383 Ἀντιλόχου·
702 1300 862 1383 μετὰ
905 1299 1027 1364 τὸν
1072 1295 1147 1364 δὲ
1192 1299 1351 1383 λάχε
1394 1301 1635 1392 κρείων
1674 1294 2022 1386 Ἐύμηλος,

236 1413 331 1492 τῷ
380 1401 443 1470 δ’
487 1400 591 1488 ἄρ’
634 1402 733 1471 ἐπ’
793 1400 1125 1490 Ἀτρεΐδης
1172 1405 1621 1491 δουρικλειτὸς
1663 1406 2037 1490 Μενέλαος,
2152 1424 2254 1475 355

238 1519 331 1598 τῷ
379 1506 442 1576 δ’
486 1508 591 1577 ἐπὶ
636 1513 987 1597 Μηριόνης
1030 1508 1173 1596 λάχ’
1218 1509 1604 1596 ἐλαυνέμεν·
1650 1511 1930 1590 ὕστατος
1975 1507 2131 1579 αὖτε

250 1617 602 1701 Τυδεΐδης,
647 1612 746 1702 ὄχ’
788 1618 1053 1703 ἄριστος
1097 1617 1257 1700 ἐών,
1305 1615 1446 1702 λάχ’
1490 1615 1850 1703 ἐλαυνέμεν
1896 1618 2153 1697 ἵππους.

244 1724 410 1789 στὰν
455 1718 529 1789 δὲ
573 1726 976 1808 μεταστοιχί,
1023 1726 1275 1808 σήμηνε
1321 1720 1397 1791 δὲ
1438 1719 1699 1811 τέρματ’
1754 1723 2089 1811 Ἀχιλλεὺς

242 1831 534 1914 τηλόθεν
579 1830 653 1897 ἐν
698 1832 852 1917 λείω
897 1831 1130 1918 πεδίφ·
1176 1832 1353 1916 παρὰ
1398 1828 1473 1897 δὲ
1518 1832 1769 1898 σκοπὸν
1815 1825 1993 1899 εἷσεν

244 1937 563 2001 ἀντίθεον
614 1938 923 2019 Φοίνικα,
971 1935 1226 2002 ὀπάονα
1270 1938 1519 2024 πατρὸς
1560 1936 1728 2021 ἑοῖο,
2155 1956 2257 2005 360

244 2042 337 2118 ὡς
382 2041 714 2129 μεμνέῳτο
762 2042 1017 2128 δρόμου
1060 2039 1171 2109 καὶ
1215 2042 1541 2127 ἀληθείην
1585 2041 1907 2110 ἀποείποι.

336 2149 409 2214 οἱ
448 2142 512 2214 δ’
552 2148 685 2234 ἅμα
718 2149 956 2227 πάντες
1002 2146 1109 2236 ἐφ’
1152 2149 1411 2215 ἵπποιιν
1455 2147 1773 2234 μάστιγας
1816 2149 2078 2236 ἄειραν,

244 2252 583 2339 πέπληγόν
626 2253 700 2321 θ’
745 2256 969 2340 ἱμᾶσιν
1015 2255 1396 2340 ὁμόκλησάν
1439 2252 1497 2320 τ’
1533 2252 1837 2321 ἐπέεσσιν

248 2360 650 2445 ἐσσυμένως·
698 2361 769 2428 οἰ
809 2357 870 2428 δ’
913 2357 1050 2428 ὦκα
1097 2358 1502 2448 διέπρησσον
1545 2362 1836 2445 πεδίοιο,

247 2469 455 2552 νόσφι
498 2477 702 2551 νεῶν,
746 2467 1017 2553 ταχέως·
1061 2467 1191 2535 ὑπὸ
1239 2464 1315 2535 δὲ
1362 2467 1693 2555 στέρνοισι
1736 2469 1929 2552 κονίη
2154 2482 2258 2534 365

249 2571 457 2666 ἵστατ’
501 2572 850 2660 ἀειρομένη
897 2575 985 2652 ὥς
1027 2597 1099 2640 τε
1142 2573 1350 2660 νέφος
1391 2570 1469 2659 ἠὲ
1512 2574 1799 2658 θύελλα,

249 2689 468 2765 χαῖται
513 2677 575 2746 δ’
618 2680 948 2766 ἐρρώοντο
994 2666 1172 2765 μετά
1197 2689 1433 2766 πνοιῇς
1476 2678 1767 2765 ἀνέμοιο.

252 2786 508 2872 ἅρματα
554 2784 616 2852 δ’
660 2788 891 2852 ἄλλοτε
937 2783 1057 2871 μὲν
1101 2785 1306 2871 χθονὶ
1351 2791 1628 2853 πίλνατο
1674 2785 2187 2871 πουλυβοτείρῃ,

41 2858 74 2987 μ’
253 2893 485 2959 ἄλλοτε
530 2890 590 2958 δ’
636 2891 899 2972 ἀίξασκε
943 2895 1255 2979 μετήορα·
1300 2892 1405 2960 τοὶ
1451 2888 1513 2958 δ’
1557 2892 1862 2978 ἐλατῆρες

251 2996 535 3064 ἕστασαν
580 2998 654 3065 ἐν
701 3000 1031 3085 δίφροισι,
1076 2999 1369 3064 πάτασσε
1415 2995 1490 3064 δὲ
1534 2998 1755 3081 θυμὸς
1800 2995 2075 3063 ἑκάστου
2158 3014 2262 3064 370

252 3105 442 3187 νίκης
488 3103 792 3190 ἱεμένων·
836 3104 1149 3171 κέκλοντο
1197 3100 1272 3170 δὲ
1318 3095 1495 3170 οἶσιν
1541 3102 1813 3180 ἕκαστος

254 3208 505 3295 ἵπποις,
554 3211 625 3276 οἰ
665 3206 726 3277 δ’
768 3210 1075 3278 ἐπέτοντο
1119 3212 1460 3289 κονίοντες
1503 3210 1778 3277 πεδίοιο.

343 3312 485 3382 ἀλλ’
529 3318 636 3383 ὅτε
683 3318 765 3401 δὴ
810 3318 1114 3402 πύματον
1157 3315 1386 3383 τέλεον
1431 3317 1689 3402 δρόμον
1734 3313 1930 3393 ὠκέες
1973 3314 2160 3381 ἵπποι

256 3420 349 3501 ἂψ
392 3418 499 3508 ἐφ’
543 3421 700 3500 ἁλὸς
741 3429 1001 3509 πολιῆς,
1046 3425 1194 3489 τότε
1241 3423 1326 3507 δὴ
1372 3422 1569 3508 ἀρετή
1613 3444 1691 3504 γε
1737 3420 2015 3487 ἑκάστου

255 3527 542 3617 φαίνετ’,
588 3530 769 3615 ἄφαρ
817 3525 880 3595 δ’
924 3529 1178 3595 ἵπποισι
1222 3529 1399 3614 τάθη
1447 3528 1718 3614 δρόμος·
1766 3521 1901 3590 ὦκα
1938 3519 2000 3589 δ’
2045 3525 2262 3587 ἔπειτα
