2525 3884
966 172 1266 224 ῙΛῙΑΔΟΣ
1302 174 1445 226 xvl.
2122 173 2207 239 79

228 308 336 392 νηὶ
374 312 536 397 πάρα
577 321 844 398 πρυμνῇ
889 314 1285 398 μεγαθύμου
1331 315 1831 400 Πρωτεσιλάου,

128 480 141 488 ,
222 413 331 479 καὶ
370 417 515 498 βάλε
556 422 988 504 Πυραίχμην,
1034 418 1107 496 ὃς
1150 422 1453 497 Παίονας
1499 422 1981 508 ἱπποκορυστὰς

216 523 453 606 ἤγαγεν
492 523 556 602 ἐξ
594 521 975 609 Ἀμυδῶνος
1017 522 1128 590 ἀπ’
1175 520 1392 603 Ἀξιοῦ
1438 525 1603 611 εὐρὺ
1647 526 1939 612 ῥέοντος·

215 628 336 693 τὸν
375 630 522 712 βάλε
568 629 789 708 δεξιὸν
835 626 1047 715 ὦμον·
1092 630 1130 696 ὁ
1177 626 1240 695 δ’
1281 631 1514 708 ὕπτιος
1558 631 1633 697 ἐν
1676 637 1980 720 κονίῃσιν

211 734 526 801 κάππεσεν
571 735 883 821 οἰμώξας,
921 736 1142 821 ἕταροι
1188 734 1269 802 δέ
1309 760 1426 821 μιν
1470 726 1950 823 ἀμφιφόβήθεν
2100 757 2207 807 290

212 844 514 919 Παίονες·
560 842 635 908 ἐν
678 843 806 928 γὰρ
851 842 1239 928 Πάτροκλος
1284 846 1503 927 φόβον
1544 839 1705 927 ἧκεν
1750 845 1994 913 ἅπασιν

205 945 490 1032 ἡγεμόνα
531 951 821 1031 κτείνας,
859 947 932 1025 ὃς
976 947 1394 1028 ἀριστεύεσκε
1435 950 1781 1035 μάχεσθαι.

206 1052 287 1118 ἐκ
324 1064 498 1137 νηῶν
542 1051 605 1120 δ’
649 1056 915 1137 ἔλασεν,
958 1055 1123 1120 κατὰ
1167 1051 1228 1119 δ’
1283 1057 1554 1139 ἔσβεσεν
1599 1059 1964 1141 αἰθόμενον
2007 1066 2160 1142 πῦρ.

204 1158 480 1243 ἡμιδαὴς
523 1157 585 1225 δ’
628 1161 757 1246 ἄρα
800 1168 968 1243 νηῦς
1011 1154 1216 1225 λίπετ’
1258 1161 1529 1227 αὐτόθι·
1572 1161 1678 1227 τοὶ
1723 1161 1797 1228 δὲ
1842 1167 2151 1247 φόβηθεν

210 1269 424 1350 Τρῶες
462 1269 795 1354 θεσπεσίῳ
841 1266 1098 1353 ὁμάδω,
1145 1265 1410 1332 Δαναοὶ
1455 1264 1517 1332 δ’
1562 1267 1875 1353 ἐπέχυντο
2098 1286 2202 1337 295

200 1380 363 1455 νῆας
405 1372 529 1438 ἀνὰ
570 1373 944 1458 γλαφυράς·
991 1373 1240 1457 ὅμαδος
1286 1370 1348 1438 δ’
1392 1372 1700 1450 ἀλίαστος
1743 1374 2006 1459 ἐτύχθη.

200 1477 294 1554 ὡς
337 1471 396 1542 δ’
437 1475 532 1544 ὅτ’
577 1476 696 1561 ἀφ’
738 1478 1000 1561 ὑψηλῆς
1041 1487 1342 1564 κορυφῆς
1393 1481 1583 1565 ὄρεος
1626 1480 1938 1563 μεγάλοιο

196 1587 435 1670 κινήσῃ
478 1585 767 1667 πυκινὴν
810 1579 1101 1668 νεφέλην
1147 1584 1665 1672 στεροπηγερέτα
1711 1587 1906 1670 Ζεύς,

194 1692 274 1755 ε”κ
318 1687 374 1754 τ’
416 1693 667 1774 ἔφανεν
709 1682 915 1756 πᾶσαι
959 1688 1230 1756 σκοπιαὶ
1272 1689 1385 1756 καὶ
1428 1693 1725 1778 πρώονες
1767 1693 1959 1780 ἄκροι

192 1793 313 1860 καὶ
353 1797 584 1879 νάπαι,
629 1796 1010 1882 οὐρανόθεν
1046 1791 1110 1861 δ’
1137 1794 1242 1881 ἄρ’
1274 1797 1612 1883 ὑπερράγη
1651 1800 1928 1876 ἄσπετος
1963 1800 2199 1889 αἰθήρ,

193 1895 290 1979 ὧς
333 1900 591 1968 Δαναοὶ
634 1911 817 1985 νηῶν
861 1898 985 1987 μὲν
1029 1901 1451 1988 ἀπωσάμενοι
1497 1906 1691 1988 δήιον
1733 1913 1867 1990 πῦρ
2094 1920 2196 1968 301

54 1996 57 2013 ἱ
191 2010 447 2073 τυτθὸν
491 2006 937 2090 ἀνέπνευσαν,
981 2007 1276 2092 πολέμου
1322 2004 1385 2075 δ’
1428 2010 1510 2075 οὐ
1554 2004 1800 2093 γίγνετ’
1844 2009 2045 2095 ἐρωή·

196 2115 280 2179 οὐ
321 2115 447 2200 γάρ
490 2115 593 2179 πώ
635 2137 701 2179 τι
752 2118 972 2200 Τρῶες
1014 2115 1390 2201 ἀρηιφίλων
1434 2109 1547 2180 ὑπ’
1582 2113 1861 2199 Ἀχαιῶν

54 2220 57 2227 ’
193 2220 662 2306 προτροπάδην
707 2218 1033 2304 φοβέοντο
1080 2222 1454 2305 μελαινάων
1498 2220 1627 2285 ἀπὸ
1671 2231 1883 2304 νηῶν,

197 2323 338 2391 ἀλλ’
382 2321 471 2392 ἔτ’
514 2319 620 2411 ἄρ’
661 2325 1096 2410 ἀνθίσταντο,
1133 2337 1309 2392 νεῶν
1342 2321 1405 2390 δ’
1438 2325 1752 2393 ὑπόεικον
1787 2326 2057 2413 ἀνάγκῃ.
2094 2342 2198 2392 805

284 2433 452 2497 ἔνθα
497 2429 559 2497 δ’
601 2431 772 2518 ἀνὴρ
817 2432 965 2499 ἕλεν
1008 2433 1224 2518 ἄνδρα
1270 2433 1707 2517 κεδασθείσης
1750 2432 2033 2518 ὑσμίνης

201 2535 556 2622 ἡγεμόνων.
641 2549 901 2625 πρῶτος
946 2535 1022 2605 δὲ
1063 2540 1434 2605 Μενοιτίου
1479 2540 1750 2625 ἄλκιμος
1792 2540 1938 2616 υίὸς

200 2638 404 2709 αὐτίκ’
442 2644 572 2727 ἄρα
615 2645 1064 2731 στρεφθέντος
1100 2639 1493 2731 Ἀρηιλύκου
1537 2646 1697 2730 βάλε
1741 2647 1958 2731 μηρὸν

202 2750 372 2834 ἔγχεϊ
411 2749 736 2834 ὀξυόεντι,
785 2753 1023 2833 διαπρὸ
1071 2747 1146 2820 δὲ
1187 2754 1435 2838 χαλκὸν
1481 2754 1784 2818 ἔλασσεν·

201 2852 389 2939 ῥῆξεν
434 2850 498 2921 δ’
539 2855 771 2923 ὀστέον
817 2860 1035 2942 ἔγχος,
1081 2857 1119 2923 ὁ
1166 2854 1242 2923 δὲ
1284 2858 1541 2944 πρηνὴς
1583 2856 1691 2923 ἐπὶ
1733 2859 1889 2943 γαίῃ
2093 2872 2198 2922 810

202 2959 493 3028 κάππεσ’.
583 2962 746 3049 ἀτὰρ
791 2961 1136 3041 Μενέλαος
1179 2963 1410 3049 ἀρήιος
1454 2958 1618 3028 οὖτα
1663 2965 1924 3028 Θόαντα

205 3064 472 3150 στέρνον
512 3067 956 3155 γυμνωθέντα
999 3066 1152 3155 παρ’
1200 3068 1477 3152 ἀσπίδα,
1524 3073 1684 3134 λῦσε
1729 3065 1803 3134 δὲ
1846 3077 2020 3151 γυῖα.

212 3173 527 3258 Φυλεΐδης
571 3172 633 3240 δ’
666 3173 1041 3261 Ἄμφικλον
1084 3172 1554 3259 ἐφορμηθέντα
1600 3176 1921 3251 δοκεύσας

91 3278 99 3289 ’
210 3278 376 3362 ἔφθη
423 3279 815 3367 ὀρεξάμενος
856 3282 1162 3367 πρυμνὸν
1206 3279 1467 3365 σκέλος,
1514 3283 1684 3346 ἔνθα
1727 3281 2039 3364 πάχιστος

84 3427 93 3434 .
209 3385 383 3462 μυὼν
425 3385 793 3472 ἀνθρώπου
836 3383 1125 3451 πέλεται·
1168 3384 1321 3470 περὶ
1366 3380 1429 3451 δ’
1472 3388 1695 3471 ἔγχεος
1739 3386 1935 3468 αἰχμῇ
2093 3399 2195 3447 315

213 3497 398 3572 νεῦρα
444 3492 822 3577 διεσχίσθη,
865 3492 985 3556 τὸν
1031 3487 1106 3556 δὲ
1150 3492 1385 3566 σκότος
1429 3491 1586 3554 ὄσσε
1628 3487 1940 3560 κάλυψεν.
