2525 3884
229 225 318 290 24
1019 228 1321 280 ΙΛΙΑΔοΣ
1357 229 1423 283 Ν.

228 370 320 433 τὼ
365 367 488 453 μέν
531 391 602 435 τε
649 371 848 454 ζυγὸν
894 364 1040 436 οἷον
1087 370 1320 448 ἐύξοον
1365 367 1567 455 ἀμφὶς
1604 368 1814 455 ἐέργει

231 473 466 558 ἱεμένω
509 477 675 541 κατὰ
719 472 915 558 ὦλκα,
959 486 1189 561 ταμεῖν
1235 473 1341 542 ἐπὶ
1383 475 1619 542 τέλσον
1665 476 1980 561 ἀρούρης·

230 575 320 657 ὧς
363 583 454 648 τὼ
499 585 924 667 παρβεβαῶτε
970 579 1119 668 μάλ’
1173 581 1456 648 ἕστασαν
1502 582 1860 666 ἀλλήλοιιν.

232 680 376 751 ἀλλ’
424 681 468 771 ἦ
514 710 618 753 τοι
670 689 1140 774 Τελαμωνιάδῃ
1188 690 1433 754 πολλοί
1468 711 1538 753 τε
1582 685 1694 753 καὶ
1740 684 1973 754 ἐσθλοὶ

230 791 381 858 λαοὶ
426 789 664 858 ἕπονθ’
718 792 962 878 ἕταροι,
1008 794 1080 858 οἳ
1119 794 1190 860 οἱ
1229 794 1430 871 σάκος
1474 792 1871 878 ἐξεδέχοντο,
2132 809 2245 858 ’110

232 896 476 963 ὁππότε
521 923 637 983 μιν
682 899 967 983 κάματός
1007 922 1081 965 τε
1122 898 1233 964 καὶ
1282 900 1481 986 ἱδρὼς
1522 893 1810 983 γούναθ’
1852 900 2085 965 ἵκοιτο·

235 1000 381 1069 οὐδ’
433 1001 538 1090 ἄρ’
583 1001 876 1090 Ὀιλιάδῃ
923 1007 1319 1091 μεγαλήτορι
1363 1004 1616 1091 Λοκροὶ
1661 1005 1931 1093 ἕποντο·

234 1108 317 1174 οὐ
360 1110 489 1195 γάρ
535 1127 657 1194 σφι
703 1110 937 1195 σταδίῃ
982 1110 1227 1196 ὑσμίνῃ
1274 1113 1718 1195 μίμνε’φίλον
1762 1120 1911 1197 κῆρ·
2038 1190 2042 1195 ,

235 1214 317 1280 οὐ
360 1217 487 1302 γὰρ
534 1217 687 1300 ἔχον
730 1218 1028 1300 κόρυθας
1070 1218 1431 1300 χαλκήρεας
1476 1218 1922 1300 ἱπποδασείας,
2225 1302 2233 1315 ,

237 1318 385 1387 οὐδ’
440 1324 594 1406 ἔχον
640 1321 921 1398 ἀσπίδας
965 1322 1328 1400 εὐκύκλους
1371 1322 1481 1389 καὶ
1526 1327 1787 1409 μείλινα
1833 1324 2066 1410 δοῦρα,
2134 1333 2243 1388 716

236 1423 379 1492 ἀλλ’
432 1428 561 1513 ἄρα
603 1427 894 1505 τόξοισιν
938 1426 1050 1493 καὶ
1095 1428 1442 1517 ἐυστρόφω
1490 1431 1629 1506 οἰὸς
1673 1428 1859 1518 ἀώτῳ

222 1530 432 1598 Ἴλιον
478 1535 571 1610 εἰς
615 1531 726 1618 ἅμ’
780 1533 1018 1599 ἕποντο
1062 1538 1476 1618 πεποιθότες,
1525 1527 1701 1601 οἶσιν
1745 1538 1967 1600 ἔπειτα

236 1638 491 1725 ταρφέα
535 1640 890 1724 βάλλοντες
941 1640 1189 1725 Τρώων
1236 1640 1570 1725 ῥήγνυντο
1616 1641 1974 1726 φάλαγγας.

239 1745 323 1829 δή
370 1744 455 1829 ῥα
497 1743 647 1810 τόθ’
702 1745 774 1810 οἰ
811 1741 933 1829 μὲν
976 1747 1234 1831 πρόσθε
1279 1749 1408 1811 σὺν
1453 1750 1666 1812 ἔντεσι
1711 1745 2160 1811 δαιδαλέοισιν

238 1850 577 1937 μάρναντο
630 1852 893 1936 Τρωσίν
936 1872 1007 1914 τε
1049 1847 1162 1916 καὶ
1191 1848 1459 1937 *Ἕκτορι
1502 1857 2016 1938 χαλκοκορυστῇ,
2083 1876 2086 1881 ·
2136 1868 2245 1917 720

239 1958 312 2023 οἰ
351 1953 413 2022 δ’
465 1959 707 2023 ὄπιθεν
752 1954 1107 2039 βάλλοντες
1151 1956 1555 2023 ἐλάνθανον·
1603 1957 1768 2024 οὐδέ
1805 1981 1869 2023 τι
1912 1958 2163 2043 χάρμης

247 2068 468 2150 Τρῶες
511 2065 960 2149 μιμνήσκοντο
977 2082 994 2098 ·
1040 2065 1480 2129 συνεκλόνεον
1523 2066 1649 2149 γὰρ
1697 2062 1925 2129 ὀιστοί.

331 2172 501 2235 ἔνθα
544 2193 618 2235 κε
662 2166 1029 2252 λευγαλέως
1071 2179 1254 2251 νηῶν
1300 2171 1427 2235 ἄπο
1473 2167 1583 2235 καὶ
1626 2170 1944 2235 κλισιάων

251 2279 470 2361 Τρῶες
515 2275 856 2362 ἐχώρησαν
899 2273 1095 2360 προτὶ
1122 2273 1335 2340 Ἴλιον
1379 2274 1810 2359 ἠνεμόεσσαν,

242 2383 306 2447 εί
337 2382 427 2464 μὴ
461 2380 913 2464 Πουλυδάμας
945 2384 1213 2468 θρασὺν
1226 2378 1508 2467 Ἕκτορα
1553 2375 1693 2446 εἷπε
1727 2382 2085 2467 παραστάς·
2139 2396 2243 2448 ’126

241 2484 534 2572 ,ξἘκτορ,
581 2484 916 2570 ἀμήχανός
961 2486 1104 2552 ἐσσι
1146 2498 1629 2573 παραρρητοῖσι
1671 2487 2012 2554 πιθέσθαι.

243 2592 487 2658 οὕνεκά
528 2615 635 2657 τοι
677 2592 829 2678 πέρι
874 2592 1044 2657 δῶκε
1086 2595 1249 2670 θεὸς
1291 2596 1612 2678 πολεμήια
1659 2596 1839 2680 ἔργα,

239 2699 523 2765 τούνεκα
565 2696 677 2764 καὶ
722 2701 932 2783 βουλῇ
979 2697 1232 2776 ἐθέλεις
1276 2701 1689 2785 περιίδμεναι
1733 2701 1971 2766 ἄλλων.

241 2799 386 2871 ἀλλ’
438 2805 521 2870 οὔ
565 2827 703 2882 πως
746 2805 880 2889 ἅμα
921 2805 1133 2870 πάντα
1179 2807 1497 2890 δυνήσεαι
1542 2806 1739 2884 αὐτὸς
1784 2805 2076 2872 ἑλέσθαι·

242 2913 418 2999 ἄλλῳ
465 2906 587 2996 μὲν
630 2912 759 2996 γὰρ
806 2911 1007 2977 ἔδωκε
1049 2912 1211 2988 θεὸς
1252 2913 1576 2997 πολεμήια
1623 2914 1807 2998 ἔργα,
2142 2928 2245 2978 '130

244 3018 449 3105 [ἄλλω
497 3011 560 3082 δ’
612 3017 966 3103 ὀρχηστύν,
1013 3015 1210 3105 ἑτέρῳ
1257 3020 1532 3104 κίθαριν
1576 3015 1685 3083 καὶ
1731 3017 2021 3101 ἀοιδήν]

243 3124 419 3211 ἄλλῳ
468 3117 531 3188 δ’
582 3122 657 3189 ἐν
703 3126 1020 3206 στήθεσσι
1063 3128 1247 3189 τιθεῖ
1285 3125 1450 3189 νόον
1496 3122 1789 3210 εὐρύοπα
1835 3125 2002 3200 Ζεὺς

244 3228 515 3313 ἐσθλόν,
560 3237 684 3294 τοῦ
730 3228 809 3295 δέ
847 3252 918 3294 τε
961 3227 1196 3295 πολλοὶ
1242 3227 1700 3316 ἐπαυρίσκοντ’
1752 3230 2123 3314 ἄνθρωποι,

243 3338 362 3403 καί
396 3359 468 3402 τε
511 3334 754 3413 πολέας
800 3334 1070 3419 ἐσάωσε,
1118 3335 1396 3421 μάλιστα
1442 3332 1517 3400 δὲ
1560 3335 1801 3412 καύτὸς
1844 3335 2123 3419 ἀνέγνω.

246 3442 455 3530 αὐτὰρ
503 3441 675 3525 ἐγὼν
722 3439 906 3527 ἐρέω,
953 3442 1041 3518 ὥς
1087 3464 1199 3525 μοι
1245 3441 1432 3506 δοκεῖ
1475 3435 1648 3506 εἶναι
1693 3441 1946 3526 άριστα.
2145 3455 2245 3506 ’135

244 3548 459 3635 πάντῃ
506 3548 632 3634 γάρ
679 3564 754 3613 σε
796 3545 948 3633 περὶ
992 3546 1320 3632 στέφανος
1362 3545 1677 3631 πολέμοιο
1723 3546 2018 3639 δέδηενῇ
