2525 3884
990 155 1296 207 ΙΔΙΔΔοΣ
1331 155 1475 207 xv1.
2126 149 2207 212 71

216 294 357 361 ἀλλ’
398 295 510 381 ἐμέ
547 317 667 383 περ
722 299 923 382 πρόες
967 292 1112 383 ὦχ’,
1164 297 1297 380 ἅμα
1344 293 1655 361 δ”άλλον
1701 295 1876 361 λαὸν·
1914 294 2214 359 ὄπασσον

212 405 691 489 Μυρμιδόνων,
735 404 824 485 ἤν
866 403 999 467 πού
1041 425 1105 467 τι
1151 404 1334 486 φόως
1377 408 1707 467 Δαναοῖσι
1749 399 2057 485 γένωμαι.

214 508 325 584 δὸς
373 508 449 575 δέ
483 532 598 593 μοι
642 509 879 592 ὤμοιιν
921 508 1132 601 1:126&
1175 508 1409 591 τεύχεα
1451 513 1921 592 θωρηχθῆναι,
2143 519 2214 569 40

217 619 290 677 αἴ
322 612 402 679 κέ
437 637 515 699 με
558 610 671 679 σοὶ
715 619 1010 691 ἴσκοντες
1053 613 1468 697 ἀπόσχωνται
1512 611 1824 697 πολέμοιο

230 722 468 803 Τρῶες,
515 719 978 785 ἀναπνεύσωσι
1024 717 1084 784 δ’
1130 718 1350 805 ἀρήιοι
1394 710 1533 794 υἷες
1571 713 1847 802 Ἀχαιῶν

217 828 604 911 τειρόμενοι·
652 824 840 908 ὀλίγη
888 822 967 889 δέ
1006 820 1063 887 τ’
1108 823 1506 900 ἀνάπνευσις
1549 820 1882 907 πολέμοιο.

219 927 361 1012 ῥεῖα
405 929 483 996 δέ
521 927 582 995 κ’
634 930 913 1014 ἀκμῆτες
953 931 1313 1014 κεκμηότας
1356 931 1604 1015 ἄνδρας
1646 928 1829 1014 ἀυτῇ

219 1035 501 1120 ὤσαιμεν
544 1033 739 1121 προτὶ
783 1037 948 1101 ἄστυ
992 1047 1168 1102 νεῶν
1211 1037 1340 1102 ἄπο
1385 1034 1496 1101 καὶ
1537 1035 1917 1101 κλισιάων.“
2147 1050 2216 1099 45

308 1135 398 1218 ὧς
443 1142 614 1225 φάτο
659 1145 1046 1226 λισσόμενος
1091 1140 1255 1226 μέγα
1299 1144 1560 1226 νήπιος·
1604 1136 1646 1224 ἦ
1691 1142 1817 1225 γὰρ
1863 1142 2131 1226 ἔμελλεν

226 1237 294 1310 οἷ
332 1247 510 1335 αὐτῷ
557 1249 854 1313 θάνατόν
897 1271 967 1313 τε
1010 1249 1217 1313 κακὸν
1258 1245 1371 1313 καὶ
1414 1254 1583 1332 κῆρα
1627 1244 1942 1312 λιτέσθαι.

218 1352 331 1417 τὸν
380 1348 454 1417 δὲ
510 1351 652 1436 μέγ’
694 1353 986 1437 ὀχθήσας
1037 1352 1341 1439 προσέφη
1395 1352 1605 1428 πόδας
1658 1351 1830 1428 ὠκὺς
1867 1346 2217 1437 Ἀχιλλεύς·

224 1459 319 1540 „ffi
364 1480 508 1541 μοι,
555 1456 847 1542 διογενὲς
891 1462 1323 1545 Πατρόκλεις,
1372 1449 1517 1523 οἷον
1563 1460 1795 1533 ἔειπες·

224 1563 368 1629 οὔτε
412 1568 820 1649 θεοπροπὼῃς
864 1565 1250 1650 ἐμπάζομαι,
1296 1565 1382 1648 ’ἥν
1426 1586 1576 1629 τινα
1621 1558 1803 1647 οἶδα,
2150 1580 2216 1630 60

122 1726 125 1729 ,
225 1669 372 1734 οὔτε
415 1673 486 1734 τί
524 1694 636 1755 μοι
679 1672 811 1757 πὰρ
859 1673 1072 1755 Ζηνὸς
1116 1670 1445 1756 ἐπέφραδε
1489 1672 1724 1736 πότνια
1769 1673 2009 1757 μήτηρ·

226 1775 386 1841 ἀλλὰ
427 1771 569 1842 τόδ’
612 1777 804 1843 αἰνὸν
847 1779 1005 1861 ἄχος
1047 1778 1329 1863 κραδίην
1372 1775 1484 1842 καὶ
1525 1778 1751 1862 θυμὸν
1798 1778 2035 1859 ἱκάνει,

232 1880 466 1948 ὁππότε
513 1882 594 1964 δὴ
641 1883 760 1947 τὸν
805 1881 1038 1966 ὁμοῖον
1083 1883 1251 1968 ἀνὴρ
1298 1883 1609 1969 ἐθέλῃσιν
1654 1880 1929 1966 ἀμέρσαι

228 1985 330 2052 καὶ
372 1985 571 2072 γέρας
615 1985 707 2064 ἄψ
751 1986 1146 2071 ἀφελέσθαι,
1194 1989 1231 2053 ὅ
1274 2012 1345 2054 τε
1389 1989 1614 2073 κράτει·
1652 1989 2055 2073 προβεβήκῃ·

233 2093 418 2159 αἰνὸν
463 2095 620 2177 ἄχος
661 2096 738 2158 τό
783 2097 902 2178 μοί
941 2093 1149 2178 ἐστιν,
1195 2091 1334 2160 ἐπεὶ
1378 2094 1605 2158 πάθον
1648 2093 1849 2176 ἄλγεα
1892 2098 2111 2182 θυμῷ.
2150 2111 2219 2160 66

70 2156 73 2203 J
139 2297 149 2303 ἡ
231 2200 500 2284 κούρην,
544 2198 631 2282 ἣν
675 2200 803 2285 ἄρα
847 2223 961 2285 μοι
1003 2198 1200 2285 γέρας
1242 2199 1467 2278 ἔξελον
1509 2190 1650 2275 υἷες
1688 2195 1993 2282 Ἀχαιῶν,

237 2302 418 2390 δουρὶ
464 2302 525 2371 δ’
570 2305 701 2391 ἐμῷ
746 2306 1121 2389 κτεάτισσα,
1167 2308 1364 2370 πόλιν
1410 2303 1698 2389 έυτείχεα
1742 2303 2016 2390 πέρσας,

235 2411 348 2494 τὴν
392 2409 484 2490 ἂψ
529 2411 603 2476 ἐκ
644 2421 884 2496 χειρῶν
928 2409 1109 2477 ἕλετο
1153 2413 1393 2496 κρείων
1433 2406 1854 2495 Ἀγαμέμνων

227 2510 541 2600 Ἀτρεΐδης
584 2516 673 2594 ὡς
717 2522 785 2582 εἴ
818 2510 946 2581 τιν’
989 2516 1303 2602 ἀτίμητον
1347 2516 1775 2601 μετανάστην.

233 2621 384 2688 ἀλλὰ
423 2624 505 2687 τὰ
557 2619 678 2706 μὲν
731 2622 1175 2707 προτετύχθαι
1230 2622 1537 2707 ἐάσομεν,
1593 2617 1741 2688 οὐδ’
1782 2624 1911 2708 ἄρα
1954 2644 2091 2699 πως
2134 2617 2219 2706 ἦν

236 2724 536 2812 ἀσπερχὲς
575 2732 988 2813 κεχολῶσθαι
1033 2726 1134 2793 ἐνὶ
1179 2731 1447 2813 φρεσίν·
1491 2723 1533 2811 ἦ
1577 2751 1698 2801 τοι,
1727 2731 1900 2813 ἔφην
1944 2751 2020 2811 γε
2150 2746 2217 2794 61

236 2834 309 2898 οὐ
349 2831 507 2919 πρὶν
550 2834 889 2919 μηνιθμὸν
930 2832 1460 2919 καταπαυσέμεν,
1506 2831 1649 2899 ἀλλ’
1694 2828 1880 2898 ὁπότ’
1922 2832 2005 2898 ἂν
2051 2835 2134 2917 δὴ

237 2947 382 3022 νῆας
426 2938 582 3022 ἐμὰς
626 2939 939 3024 ἀφίκηται
984 2939 1149 3023 ἀυτή
1191 2962 1261 3004 τε
1305 2942 1626 3024 πτόλεμός
1668 2962 1756 3004 τε.

238 3045 382 3128 τύνη
429 3043 491 3109 δ’
535 3046 770 3130 ὤμοιιν
815 3041 936 3130 μὲν
981 3044 1102 3130 ἐμὰ
1144 3046 1350 3111 κλυτὰ
1393 3046 1624 3129 τεύχεα
1671 3046 1865 3128 δῦθι,

243 3150 377 3234 ἄρχε
422 3147 494 3216 δὲ
537 3152 1044 3237 Μυρμιδόνεσσι
1090 3148 1630 3234 φιλοπτολέμοισι
1673 3151 2030 3234 μάχεσθαι,
2150 3165 2219 3214 65

245 3257 297 3335 εἰ
333 3256 410 3339 δὴ
451 3257 737 3323 κυάνεον
788 3256 1035 3342 Τρώων
1078 3254 1283 3340 νέφος
1328 3255 1776 3340 ἀμφιβέβηκεν

245 3359 459 3445 νηυσὶν
504 3359 924 3446 ἐπικρατέως,
971 3361 1042 3426 οἱ
1082 3358 1155 3426 δὲ
1202 3361 1473 3445 ῥηγμῖνι
1517 3362 1860 3442 θαλάσσης

162 3531 168 3535 ,
247 3468 580 3549 κεκλίαται,
625 3466 843 3550 χώρης
886 3465 1120 3548 ὀλίγην
1165 3468 1260 3529 ἔτι
1305 3474 1546 3549 μοῖραν
1591 3468 1848 3547 ἔχοντες
1859 3502 1880 3541 ,
