2525 3884
1013 245 1315 298 ΙΛῙΑΔοΣ
1351 248 1550 302 xxm.
2151 245 2279 311 229

276 391 500 472 μεῖζον
546 387 987 471 ἐπαιτήσειας,
1034 389 1215 474 ἄφαρ
1259 387 1340 454 κε’
1378 413 1481 454 τοι
1529 390 1762 456 αὐτίκα
1808 392 2045 457 δοῦναι

274 495 645 577 βουλοίμην
687 491 730 576 ἢ
777 495 891 558 σοι’
927 516 1032 577 γε,
1080 493 1452 579 διοτρεφές,
1499 496 1712 581 ἤματα
1755 496 1966 560 πάντα

278 598 350 663 ἐκ
392 605 623 682 θυμοῦ
665 597 926 663 πεσέειν
970 596 1080 663 καὶ
1127 599 1440 684 δαίμοσιν
1485 595 1656 666 εἶναι
1702 600 2023 686 ἀλιτρός.“
2179 618 2280 668 595

363 699 406 788 ἦ
455 703 540 786 ῥα
585 702 696 769 καὶ
742 705 944 771 ἵππον
990 706 1173 789 ἄγων
1217 707 1613 794 μεγαθύμου
1657 705 1995 792 Νέστορος
2037 709 2181 784 υίὸς

276 810 350 876 ἐν
394 813 683 895 χείρεσσι
727 813 902 878 τίθει
945 812 1327 877 Μενελάου·
1372 823 1512 878 τοῖο
1562 809 1636 879 δὲ
1681 814 1898 897 θυμὸς

278 916 516 1000 ι’άνθη,
562 917 651 994 ὡς
695 922 761 982 εἴ
795 939 866 982 τε
909 914 1060 1002 περὶ
1106 919 1499 1002 σταχύεσσιν
1545 917 1735 1005 ἐέρση

275 1024 472 1105 ληίου
518 1021 990 1106 ἀλδήσκοντος,
1037 1023 1143 1087 ὅτε
1189 1028 1594 1109 φρίσσουσιν
1639 1015 1953 1109 ἄρουραι·

276 1122 365 1203 ὥς
411 1129 538 1212 ἄρα
584 1130 721 1211 σοί,
769 1129 1101 1210 Μενέλαε,
1146 1130 1306 1213 μετὰ
1350 1127 1549 1214 φρεσὶ
1591 1131 1810 1213 θυμὸς
1856 1129 2078 1213 ἰάνθη.
2179 1145 2279 1194 600

275 1236 393 1297 καί
429 1257 546 1318 μιν
591 1236 906 1318 φωνήσας
950 1236 1107 1299 ἔπεα
1152 1236 1506 1319 πτερόεντα
1552 1237 1926 1319 προσηύδα·

274 1335 674 1423 ,,Ἀντίλοχε,
719 1347 850 1404 νῦν
894 1336 1016 1423 μέν
1059 1362 1163 1404 τοι
1210 1338 1381 1421 ἐγὼν
1425 1338 1810 1424 ὑποείξομαι
1855 1339 2053 1415 αὐτὸς

274 1446 638 1529 χωόμενος,
685 1442 825 1510 ἐπεὶ
871 1444 954 1509 οὔ
997 1467 1061 1508 τι
1104 1447 1441 1531 παρήορος
1489 1441 1635 1509 οὐδ’
1679 1445 2017 1529 ἀεσίφρων

276 1545 459 1633 ἦσθα
503 1550 736 1636 πάρος·
780 1558 910 1616 νῦν
955 1545 1110 1615 αὖτε
1155 1552 1321 1615 νόον
1364 1553 1593 1634 νίκησε
1637 1553 1842 1634 νεοίη.

278 1656 592 1741 δεύτερον
638 1651 781 1721 αὖτ’
824 1654 1150 1722 ἀλέασθαι
1194 1655 1547 1741 ἀμείνονας
1593 1656 2042 1743 ἠπεροπεύειν.
2178 1671 2279 1722 6οὸ

277 1762 362 1827 οὐ
406 1762 532 1847 γάρ
575 1761 690 1827 κέν
734 1784 814 1845 με
857 1758 1002 1846 τάχ’
1044 1761 1242 1839 ἄλλος
1288 1761 1455 1849 ἀνὴρ
1499 1761 1892 1848 παρέπεισεν
1931 1759 2230 1847 Ἀχαιῶν·

277 1868 443 1934 ἀλλὰ
490 1871 573 1935 σὺ
616 1870 742 1953 γὰρ
790 1869 872 1951 δὴ
916 1869 1127 1934 πολλὰ
1170 1869 1382 1946 πάθες
1426 1868 1537 1935 καὶ
1580 1872 1791 1935 πολλὰ
1836 1872 2129 1953 μόγησας

278 1977 395 2050 σός
440 1997 508 2040 τε
551 1974 762 2058 πατὴρ
809 1973 1063 2057 ἀγαθὸς
1105 1971 1217 2038 καὶ
1260 1974 1583 2060 ἀδελφεὸς
1628 1972 1822 2040 εἵνεκ’
1867 1975 2069 2059 ἐμεῖο·

276 2088 368 2167 τῷ
414 2103 517 2144 τοι
559 2076 929 2166 λισσομένῳ
977 2078 1419 2164 ἐπιπείσομαι,
1465 2075 1583 2162 ἠδὲ
1626 2077 1736 2143 καὶ
1781 2079 1983 2144 ἵππον

281 2186 473 2251 δώσω
521 2185 684 2269 ἐμήν
727 2206 849 2270 περ
897 2185 1171 2268 ἐοῦσαν,
1217 2186 1330 2251 ἵνα
1374 2186 1639 2268 γνώωσι
1682 2183 1793 2250 καὶ
1837 2186 2009 2268 οἵδε,
2180 2202 2283 2251 610

280 2291 370 2368 ὡς
415 2291 569 2376 ἐμὸς
613 2290 697 2356 οὔ
739 2292 1161 2375 ποτε·θυμὸς
1204 2290 1612 2376 ὑπερφίαλος
1654 2288 1767 2355 καὶ
1812 2289 2126 2374 άπηνής.“

367 2393 409 2481 ἦ
455 2396 539 2483 ῥα
582 2394 692 2461 καὶ
730 2393 1130 2480 Ἀντιλόχοιο
1175 2400 1486 2481 Νοήμονι
1531 2397 1743 2462 δῶκεν
1789 2396 2021 2486 ἑταίρω

279 2505 482 2570 ἵππον
517 2503 730 2586 ἄγειν·
775 2501 812 2568 ὁ
853 2498 914 2567 δ’
958 2504 1178 2569 ἔπειτα
1222 2497 1456 2588 λέβηθ’
1498 2502 1603 2569 ἕλε
1647 2506 2160 2590 παμφανόωντα.

280 2613 631 2697 Μηριόνης
676 2604 738 2674 δ’
782 2607 1043 2694 ἀνάειρε
1090 2609 1228 2675 δύω
1275 2620 1550 2695 χρυσοῖο
1595 2611 1880 2675 τάλαντα

278 2716 611 2801 τέτρατος,
666 2714 755 2791 ὡς
809 2715 1060 2780 ἔλασεν.
1150 2712 1446 2799 πέμπτον
1493 2712 1555 2780 δ’
1598 2710 1962 2780 ὑπελείπετ’
2005 2717 2284 2798 ἄεθλον,

280 2821 646 2908 ἀμφίθετος
689 2821 922 2906 φιάλη·
966 2821 1089 2904 τὴν
1133 2820 1425 2907 Νέστορι
1472 2823 1684 2886 δῶκεν
1722 2818 2053 2904 Ἀχιλλεὺς
2181 2837 2285 2886 616

277 2924 588 3014 Ἀργείων
633 2920 738 2992 ἀν’
782 2925 1006 3009 ἀγῶνα
1051 2924 1277 3012 φέρων
1321 2925 1433 2992 καὶ
1479 2929 1651 2993 ἔειπε
1695 2927 2049 3012 παραστάς·

281 3043 402 3118 „vij
445 3041 605 3116 νῦν,
650 3032 760 3098 καὶ
807 3030 915 3098 σοὶ
958 3041 1185 3115 τοῦτο,
1231 3032 1461 3118 γέρον,
1508 3035 1846 3117 κειμήλιον
1892 3036 2087 3116 ἔστω,

282 3141 695 3225 Πατρόκλοιο
740 3138 958 3222 τάφου
1004 3136 1202 3225 μνῆμ’
1247 3141 1545 3222 ἔμμεναι·
1592 3138 1675 3203 οὐ
1718 3140 1844 3225 γὰρ
1891 3136 1981 3204 ἔτ’
2026 3139 2232 3204 αὑτὸν

280 3247 413 3333 ὄψῃ
461 3245 534 3311 ἐν
573 3241 950 3330 Ἀργείοισι·
998 3244 1239 3328 δίδωμι
1285 3243 1364 3309 δέ
1406 3267 1507 3309 τοι
1549 3241 1691 3310 τόδ’
1735 3245 1983 3310 ἄεθλον
2182 3261 2285 3311 620

280 3351 520 3429 αὔτως·
568 3350 650 3415 οὐ
694 3352 821 3435 γὰρ
865 3348 992 3428 πύξ
1037 3373 1113 3434 γε
1157 3351 1479 3434 μαχήσεαι
1523 3346 1682 3415 οὐδὲ
1726 3353 2092 3431 παλαίσεις,

281 3456 446 3523 οὐδέ
484 3451 543 3522 τ’
586 3456 979 3522 ἀκοντιστὺν
1027 3455 1335 3521 ἐσδύσεαι
1381 3454 1539 3522 οὐδὲ
1583 3457 1899 3521 πόδεσσιν

279 3564 585 3630 θεύσεαι·
629 3562 757 3645 ἤδη
802 3562 929 3646 γὰρ
974 3562 1260 3645 χαλεπὸν
1305 3561 1468 3625 κατὰ
1511 3568 1716 3643 γῆρας
1761 3557 2061 3639 ἐπείγει.“
