2525 3884
967 181 1269 234 ιΛῙΑΔοΣ
1303 183 1446 235 va
2124 181 2208 246 83

194 319 352 384 κὰδ
400 317 456 385 δ’
491 319 591 407 ἄρ’
631 309 736 388 ε’πὶ
779 319 964 407 στόμ’
991 326 1180 390 ἔωσε·
1228 327 1514 389 πεσόντα
1547 323 1628 390 δέ
1657 349 1774 410 μιν
1800 327 1947 391 λίπε
1972 327 2207 410 θυμός.

197 425 422 510 αὐτὰρ
464 423 653 493 ἔπειτ’
697 423 1023 514 Ἐρύλαον
1066 429 1516 515 ἐπεσσύμενον
1559 431 1718 514 βάλε
1761 430 1977 519 πέτρῳ
2102 447 2204 498 411

194 529 459 617 μέσσην
499 537 619 599 κάκ
662 537 984 619 κεφαλήν·
1028 534 1071 618 ἡ
1111 533 1172 600 δ’
1217 536 1456 621 ἄνδιχα
1499 545 1676 601 πᾶσα
1717 537 1969 620 κεάσθη

197 638 294 703 ἐν
337 641 565 724 κόρυθι
611 643 876 726 βριαρῇ·
923 640 960 706 ὁ
1008 638 1075 706 δ’
1120 642 1247 725 ἄρα
1293 642 1548 728 πρηνὴς
1592 640 1699 707 ἐπὶ
1743 646 1897 728 γαίῃ

194 744 563 828 κάππεσεν,
608 744 781 831 ἀμφὶ
826 745 904 811 δέ
945 771 1058 831 μιν
1109 747 1402 823 θάνατος
1445 748 1605 831 χύτο
1647 750 2118 834 θυμοραϊστής.

196 851 418 937 αὐτὰρ
460 846 654 917 ἔπειτ’
710 849 1081 939 Ἐρύμαντα
1124 852 1235 918 καὶ
1283 850 1689 940 Ἀμφοτερὸν
1731 852 1840 919 καὶ
1888 852 2207 937 Ἐπάλτην
2237 860 2243 869 ’

204 961 640 1042 Τληπόλεμόν
684 981 753 1024 τε
797 960 1317 1044 Δαμαστορίδην
1355 956 1573 1043 Ἐχίον
1618 983 1687 1025 τε
1735 961 1956 1046 Πύριν
2001 983 2071 1024 τε
2101 976 2205 1025 416

188 1061 386 1148 Ἰφέα
427 1061 484 1128 τ’
525 1065 832 1131 Εὔιππόν
874 1088 943 1130 τε
986 1063 1096 1131 καὶ
1134 1062 1494 1152 Ἀργεάδην
1540 1067 1944 1151 Πολύμηλον

196 1170 456 1246 πάντας
501 1169 983 1256 ἐπασσυτέρους
1026 1169 1263 1237 πέλασε
1309 1170 1511 1255 χθονὶ
1553 1176 2053 1258 πουλυβοτείρῃ.

296 1277 676 1362 Σαρπηδὼν
723 1274 784 1341 δ’
837 1277 925 1353 ὡς
970 1272 1094 1342 οὖν
1139 1274 1226 1342 ἴδ’
1272 1277 1787 1363 ἀμιτροχίτωνας
1832 1276 2130 1364 ἑταίρους

196 1380 387 1469 χέρσ’
427 1382 556 1447 ὕπο
605 1384 1017 1467 Πατρόκλοιο
1063 1383 1514 1449 Μενοιτιάδαο
1562 1380 1913 1468 δαμέντας,
2099 1399 2206 1448 420

69 1482 79 1487 ⁹
197 1486 456 1555 κέκλετ’
498 1486 602 1575 ἄρ’
646 1487 1014 1581 ἀντιθέοισι
1059 1492 1561 1575 καθαπτόμενος
1603 1493 1984 1556 Λυκίοισιν·

194 1596 483 1680 ,,αἰδώς,
530 1591 582 1661 ὦ
627 1595 896 1678 Λύκιοι,
941 1597 1103 1661 πόσε
1148 1596 1453 1680 φεύγετε;
1499 1605 1630 1662 νῦν
1674 1595 1833 1663 θοοὶ
1869 1598 2039 1662 ἔστε·

196 1703 466 1786 ἀντήσω
512 1701 639 1786 γὰρ
684 1700 812 1784 ἐγὼ
856 1698 1040 1766 τοῦδ’
1091 1699 1356 1787 ἀνέρος,
1403 1703 1581 1788 ὄφρα
1629 1702 1859 1785 δαείω,

197 1810 279 1886 ὅς
321 1831 425 1884 τις
468 1806 580 1871 ὅδε
624 1804 879 1893 κρατέει
923 1803 1033 1872 καὶ
1078 1808 1160 1889 δὴ
1204 1809 1370 1872 κακά
1412 1808 1623 1874 πολλὰ
1661 1809 1892 1893 ἔοργεν

206 1918 472 2000 Τρῶας,
519 1910 659 1978 ἐπεὶ
701 1917 965 1978 πολλῶν
1010 1934 1080 1977 τε
1115 1910 1225 1978 καὶ
1261 1912 1525 1979 ἐσθλῶν
1560 1911 1829 1998 γούνατ’
1874 1913 2171 1978 ἔλυσεν.“

292 2013 336 2102 ἦ
384 2018 467 2104 ῥα
510 2016 620 2084 καὶ
663 2017 730 2097 ἐξ
776 2017 983 2102 ὀχέων
1030 2020 1155 2083 σὺν
1198 2019 1498 2103 τεύχεσιν
1543 2013 1701 2083 ἆλτο
1744 2020 2000 2102 χαμᾶζε.
2097 2033 2202 2083 426

200 2124 594 2208 Πάτροκλος
638 2120 698 2188 δ’
744 2120 1099 2209 ἑτέρωθεν,
1146 2121 1287 2189 ἐπεὶ
1333 2126 1506 2208 ἴδεν,
1552 2126 1793 2209 ἔκθορε
1839 2124 2103 2208 δίφρου.

201 2231 280 2298 οἱ
322 2228 411 2314 δ’,
458 2231 548 2307 ὥς
588 2226 652 2294 τ’
696 2227 991 2313 αἰγυπιοὶ
1034 2230 1467 2314 γαμψώνυχες
1511 2228 1968 2315 ἀγκυλοχεῖλαι

201 2335 411 2423 πέτρῃ
458 2333 562 2421 ἐφ’
607 2335 827 2422 ὑψηλῇ
872 2336 1119 2419 μεγάλα
1162 2336 1471 2413 κλάζοντε
1516 2334 1879 2420 μάχωνται,

206 2438 300 2521 ὥς
346 2442 416 2507 οἱ
453 2443 877 2525 κεκλήγοντες
916 2437 1016 2506 ἐπ’
1060 2439 1443 2523 ἀλλήλοισιν
1478 2442 1789 2525 ὄρουσαν.
2104 2458 2209 2507 430

296 2549 453 2625 τοὺς
498 2544 571 2612 δὲ
617 2548 781 2612 ἰδὼν
828 2543 1050 2629 ἐλέησε
1093 2547 1367 2633 Κρόνου
1410 2546 1563 2623 πάις
1606 2545 2097 2631 ἀγκυλομήτεω,

199 2654 417 2741 Ἥρην
463 2650 537 2720 δὲ
580 2652 926 2739 προσέειπε
968 2654 1373 2736 κασιγνήτην
1417 2653 1660 2737 ἄλοχόν
1703 2671 1799 2717 ve·

212 2762 311 2846 ,,ὥ
355 2784 468 2846 μοι
513 2759 716 2843 ἐγών,
763 2759 871 2824 ὅτε
914 2781 1028 2842 μοι
1071 2759 1479 2844 Σαρπηδόνα
1525 2762 1840 2842 φίλτατον
1886 2756 2150 2842 ἀνδρῶν

217 2863 388 2953 μοῖρ’
428 2866 559 2931 ὑπὸ
605 2867 1018 2951 Πατρόκλοιο
1063 2864 1517 2929 Μενοιτιάδαο
1565 2865 1868 2948 δαμῆναι.

218 2973 417 3058 διχθὰ
461 2969 540 3037 δέ
580 2994 691 3055 μοι
735 2972 975 3057 κραδίη
1020 2967 1263 3055 μέμονε
1313 2967 1551 3055 φρεσὶν
1598 2969 2012 3055 ὁρμαίνοντι,
2101 2986 2206 3035 435

216 3081 258 3162 ἤ
303 3100 416 3161 μιν
462 3077 626 3156 ζωὸν
672 3076 864 3142 ἐόντα
911 3075 1118 3161 μάχης
1161 3075 1289 3140 ἄπο
1337 3072 1782 3161 δακρυοέσσης

217 3185 379 3250 θείω
423 3181 799 3269 ἀναρπάξας
841 3185 1095 3264 Λυκίης
1138 3180 1212 3246 ἐν
1255 3183 1441 3247 πίονι
1486 3181 1703 3268 δήμω,

218 3285 259 3375 ἦ
303 3289 428 3372 ἤδη
471 3289 602 3354 ὑπὸ
646 3286 831 3374 χερσὶ
873 3286 1327 3353 Μενοιτιάδαο
1373 3286 1747 3369 δαμάσσω.“

305 3395 420 3458 τὸν
465 3392 525 3458 δ’
567 3390 851 3479 ἠμείβετ’
895 3396 1112 3459 ἔπειτα
1157 3395 1404 3476 βοῶπις
1446 3393 1681 3456 πότνια
1710 3388 1914 3476 ’Ἡρη·

222 3500 558 3586 »αἰνότατε
603 3501 934 3587 Κρονίδη,
979 3508 1175 3564 ποῖον
1219 3499 1338 3563 τὸν
1383 3501 1608 3580 μῦθον
1654 3497 1898 3625 ἐέιπεςζ.Ι
2109 3507 2211 3554 440

1824 3600 1855 3646 6
