2525 3884
988 236 1290 289 ΙΜΑΔΟΣ
1326 238 1524 289 xxm.
2132 235 2265 300 235

249 377 343 454 ὥς
387 372 557 460 ἦλθε
602 377 973 462 φθάμενος·
1018 379 1054 445 ὁ
1104 375 1177 445 δὲ
1222 382 1391 463 βοῦν
1438 379 1541 444 ἕλε
1590 382 1904 464 φαίδιμος
1947 386 2134 457 Αἴας.

249 493 373 567 στῆ
422 480 496 549 δὲ
539 483 731 565 κέρας
776 487 936 568 μετὰ
979 483 1205 569 χερσὶν
1252 488 1423 569 ἔχων
1467 486 1624 569 βοὸς
1671 486 2062 570 ἀγραύλοιο,
2163 502 2267 553 780

224 591 468 663 ,ὄνθον
513 590 897 672 ἀποπτύων,
943 593 1102 674 μετὰ
1149 586 1211 656 δ’
1259 585 1653 675 Ἀργείοισιν
1690 593 1931 656 ἔειπεν·

148 682 352 779 ζ”-’,’,ὢ
398 698 617 779 πόποι,
662 692 704 780 ἦ
741 695 806 780 μ’
859 699 1102 780 ἔβλαψε
1146 697 1278 762 θεὰ
1320 698 1560 781 πόδας,
1607 697 1649 781 ἢ
1693 698 1769 762 τὸ
1813 697 2023 782 πάρος
2064 719 2187 781 περ

249 805 464 891 μήτηρ
510 802 600 879 ὣς
638 799 903 885 Ὀδυσῆι
947 806 1336 889 παρίσταται
1382 799 1489 887 ἠδ’
1542 803 1915 887 ἐπαρήγει.“

122 992 143 1002 A
250 936 300 971 κ
341 904 431 985 ὧς
466 904 695 993 ἔφαθ’,
744 909 814 974 οί
853 905 915 973 δ’
965 911 1095 994 ἄρα
1130 909 1369 987 πάντες
1405 903 1505 975 ἐπ’
1547 909 1724 998 αὐτῷ
1751 909 1883 993 ἡδὺ
1918 908 2266 993 γέλασσαν.

236 996 619 1100 Ἀντίλοχος
663 1011 723 1080 δ’
775 1016 903 1099 ἄρα
950 1016 1032 1099 δὴ
1074 1018 1432 1100 λοισθήιον
1478 1010 1695 1100 ἔκφερ’
1748 1017 1999 1081 ἄεθλον
2162 1031 2264 1082 785

72 1142 114 1213 χ
174 1140 184 1146 ·
250 1123 588 1207 μειδιόων,
631 1118 741 1186 καὶ
786 1128 1010 1206 μῦθον
1056 1122 1130 1187 ἐν
1168 1118 1563 1206 Ἀργείοισιν
1610 1126 1852 1187 ἔειπεν·

256 1229 559 1311 ,,ει’δόσιν
602 1222 761 1311 ὔμμ’
814 1226 975 1312 ἐρέω
1019 1237 1251 1310 πᾶσιν,
1300 1231 1514 1311 φίλοι,
1564 1228 1652 1304 ὡς
1698 1230 1791 1293 ἔτι
1836 1225 1946 1292 καὶ
1989 1235 2117 1293 νῦν

253 1321 580 1400 ἀθάνατοι
625 1344 858 1418 τιμῶσι
902 1332 1378 1418 παλαιοτέρους
1424 1333 1842 1418 ἀνθρώπους.

254 1446 426 1517 Αἴας
469 1436 590 1524 μὲν
633 1441 761 1524 γὰρ
809 1439 964 1524 έμεῢ
1008 1439 1238 1524 ὀλίγον
1279 1439 1795 1525 προγενέστερός
1840 1438 2049 1522 ἐστιν,

254 1542 449 1623 οὗτος
495 1541 567 1610 δὲ
612 1544 933 1632 προτέρης
975 1555 1203 1630 γενεῆς
1227 1543 1571 1631 προτέρων
1597 1541 1655 1609 τ’
1690 1546 2094 1631 ἀνθρώπων·
2164 1562 2265 1611 790

256 1650 678 1736 ὠμογέροντα
726 1649 804 1717 δέ
844 1655 959 1736 μίν
1004 1646 1164 1736 φασ’
1217 1654 1522 1736 ἔμμεναι·
1568 1651 1892 1737 ἀργαλέον
1938 1650 2013 1719 δὲ

251 1756 495 1824 ποσσὶν
542 1758 977 1841 ἐριδήσασθαι
1016 1752 1324 1842 Ἀχαιοῖς,
1373 1759 1435 1822 εἰ
1466 1759 1554 1842 μὴ
1596 1753 1933 1843 Ἀχιλλεΐ.“

343 1858 431 1942 ὥς
476 1864 676 1950 φάτο,
722 1863 1009 1947 κύδηνεν
1056 1860 1131 1929 δὲ
1172 1864 1478 1929 ποδώκεα
1524 1868 1893 1947 Πηλεΐωνα.

250 1973 370 2037 τὸν
418 1966 480 2036 δ’
526 1967 813 2054 Ἀχιλεὺς
856 1971 1179 2054 μύθοισιν
1225 1970 1656 2055 ἀμειβόμενος
1698 1968 2121 2054 προσέειπεν·

168 2071 173 2075 ’
253 2071 636 2161 ,,Ἀντίλοχ’,
685 2076 767 2140 οὐ
810 2074 933 2161 μέν
975 2098 1080 2141 τοι
1125 2075 1355 2160 μέλεος
1400 2076 1725 2160 εἰρήσεται
1772 2071 1989 2158 αἶνος,
2163 2091 2263 2140 795

252 2184 419 2249 ἀλλά
461 2206 564 2247 τοι
608 2181 1046 2266 ἡμιτάλαντον
1093 2182 1220 2265 ἐγὼ
1266 2190 1522 2266 χρυσοῦ
1566 2181 1929 2264 έπιθήσω.“

252 2285 344 2368 ὧς
388 2289 588 2355 εἰπὼν
634 2287 707 2352 έν
749 2287 935 2375 χερσὶ
978 2290 1186 2370 τίθει,
1235 2287 1271 2353 ὁ
1320 2285 1393 2352 δὲ
1441 2286 1669 2366 δέξατο
1714 2291 1983 2375 χαίρων.

344 2394 547 2476 αὐτὰρ
595 2396 927 2477 Πηλεΐδης
969 2395 1132 2459 κατὰ
1168 2392 1291 2479 μὲν
1338 2395 1758 2478 δολιχόσκιον
1805 2397 1994 2479 ἔγχος

233 2498 410 2583 ’θῆκ’
455 2501 520 2577 ἐς
556 2499 781 2583 ἀγῶνα
818 2499 1074 2585 φέρων,
1119 2502 1284 2565 κατὰ
1321 2496 1382 2566 δ’
1426 2499 1671 2565 ἀσπίδα
1702 2498 1812 2565 καὶ
1837 2500 2264 2585 τρυφάλειαν,

252 2608 480 2692 τεύχεα
525 2608 1032 2692 Σαρπήδοντος,
1079 2607 1121 2671 ἅ
1165 2631 1281 2691 μιν
1327 2607 1713 2693 Πάτροκλος
1757 2606 2036 2691 ἀπηύρα.
2160 2623 2263 2673 800

253 2723 372 2796 στῆ
420 2710 480 2777 δ’
535 2712 741 2796 ὀρθὸς
775 2711 885 2777 καὶ
930 2719 1156 2796 μῦθον
1201 2714 1276 2779 ἐν
1315 2711 1710 2797 Ἀργείοισιν
1756 2716 1995 2778 ἔειπεν·

249 2819 498 2903 „awos
547 2820 686 2884 δύω
731 2817 882 2904 περὶ
926 2821 1136 2884 τῶνδε
1180 2821 1556 2904 κελεύομεν,
1604 2820 1654 2883 ὤ
1701 2841 1822 2900 περ
1871 2818 2146 2903 ἀρίστω,

251 2925 480 3010 τεύχεα
528 2922 884 3008 ἑσσαμένω,
931 2928 1328 3009 ταμεσίχροα
1374 2925 1618 3008 χαλκὸν
1665 2922 1887 2991 ἑλόντε

249 3031 550 3115 ἀλλήλων
594 3029 1051 3116 προπάροιθεν
1096 3029 1333 3114 ὁμίλου
1376 3035 1795 3113 πειρηθῆναι.

251 3136 612 3219 ὁππότερός
654 3159 727 3200 κε
774 3142 1033 3219 φθῇσιν
1079 3134 1472 3218 ὀρεξάμενος
1516 3137 1681 3219 χρόα
1725 3138 1961 3219 καλόν,
2158 3152 2260 3203 805

247 3243 473 3327 ψαύσῃ
520 3237 582 3306 δ’
635 3241 918 3307 ἐνδίνων
966 3240 1075 3305 διά
1118 3239 1181 3304 τ’
1234 3243 1423 3304 ἔντεα
1465 3239 1576 3306 καὶ
1621 3239 1827 3324 μέλαν
1874 3233 2065 3325 αἷμα,

246 3355 336 3437 τῷ
384 3346 504 3432 μὲν
551 3347 677 3430 ἐγὼ
726 3347 917 3411 δώσω
963 3347 1115 3412 τόδε
1163 3346 1512 3429 φάσγανον
1557 3346 1978 3431 ἀργυρόηλον

245 3456 452 3519 καλὸν
498 3456 844 3536 Θρηίκιον·
889 3454 965 3518 τὸ
1012 3448 1133 3537 μὲν
1174 3447 1640 3537 Ἀστεροπαῖον
1686 3451 2031 3532 ἀπηύρων·

246 3559 479 3643 τεύχεα
527 3558 596 3624 δ’
646 3556 1005 3641 ἀμφότεροι
1054 3557 1289 3640 ξυνήια
1335 3566 1537 3622 ταῦτα
1584 3552 1969 3637 φερέσθων·
