2525 3884
1009 171 1313 223 1A1AA02
1347 171 1492 223 xw.
2132 168 2221 232 95

197 310 464 393 Τρώων
515 311 584 391 ἐξ
628 312 897 396 ἐνοπῆς,
941 310 1052 377 καὶ
1096 306 1205 377 ἀπ’
1248 313 1452 396 ὤμων
1491 309 1699 397 τεύχε’
1753 310 2013 394 ἕλοντο,

188 416 601 500 Πάτροκλος
646 414 719 484 δὲ
771 416 992 504 Τρωσὶ
1036 420 1203 484 κακὰ
1248 416 1557 503 φρονέων
1603 418 1980 505 ἐνόρουσεν.

183 518 334 605 τρὶς
382 520 522 606 μὲν
566 520 764 589 ἔπειτ’
818 524 1140 608 ἐπόρουσε
1182 530 1331 612 θοῷ
1377 524 1734 602 ἀτάλαντος
1758 522 1984 607 Ἄρηι,

104 638 107 639 ’
184 628 582 716 σμερδαλέα
628 630 862 714 ἰάχων,
907 627 1049 716 τρὶς
1094 623 1155 695 δ’
1197 628 1392 695 ἐννέα
1435 639 1660 715 φῶτας
1703 631 2016 713 ἔπεφνεν·
2118 644 2221 695 ‘18⁶

181 729 335 796 ἀλλ’
387 735 508 799 ὅτε
554 736 637 818 δὴ
682 736 758 800 τὸ
802 734 1113 820 τέταρτον
1159 734 1478 801 ἐπέσσυτο
1526 737 1796 820 δαίμονι
1841 729 2011 816 ἶσος,

183 836 341 902 ἔνθ’
393 841 533 925 ἄρα
577 863 712 923 τοι,
757 841 1129 926 Πάτροκλε,
1177 840 1359 926 φάνη
1404 842 1657 925 βιότοιο
1699 841 1994 924 τελευτή·

179 943 444 1025 ἤντετο
491 946 616 1033 γάρ
662 969 768 1012 τοι
817 950 1066 1031 Φοῖβος
1109 945 1210 1012 ἐνὶ
1253 956 1534 1033 κρατερῇ
1579 946 1824 1033 ὑσμίνη

185 1049 455 1128 δεινός.
542 1051 579 1117 ὁ
627 1048 749 1137 μὲν
793 1054 912 1119 τὸν
958 1054 1144 1118 ἰόντα
1187 1054 1352 1118 κατὰ
1394 1055 1637 1119 κλόνον
1684 1053 1808 1118 οὐκ
1851 1052 2151 1135 ἐνόησεν·

184 1153 350 1241 ἠέρι
401 1160 532 1242 γὰρ
576 1163 787 1243 πολλῇ
830 1157 1320 1243 κεκαλυμμένος
1364 1158 1830 1243 ἀντεβόλησεν·
2120 1172 2224 1222 ‘190

190 1270 324 1344 στῆ
382 1259 447 1328 δ’
491 1265 722 1347 ὄπιθε,
767 1263 1008 1348 πλῆξεν
1053 1261 1127 1331 δὲ
1171 1264 1589 1350 μετάφρενον
1635 1263 1818 1348 εὐρέε
1860 1260 1919 1328 τ’
1963 1265 2118 1347 ὤμω

192 1367 386 1453 χειρὶ
428 1382 862 1454 καταπρηνεῖ,
907 1372 1437 1455 στρεφεδίνηθεν
1488 1368 1569 1435 δέ
1608 1371 1680 1436 οἱ
1718 1370 1890 1435 ὄσσε.

197 1473 367 1552 [τοῦ
405 1472 466 1539 δ’
502 1474 630 1540 άπὸ
662 1472 784 1560 μὲν
820 1479 1056 1560 κρατὸς
1088 1473 1338 1560 κυνέην
1374 1475 1532 1560 βάλε
1575 1478 1822 1559 Φοῖβος
1859 1472 2223 1541 Ἀπόλλων·

198 1577 243 1660 ἡ
299 1578 381 1646 δε
422 1581 866 1665 κυλινδομένη
912 1584 1207 1667 καναχὴν
1254 1585 1359 1667 ἔχε
1403 1580 1646 1648 ποσσὶν
1691 1577 1810 1667 ὑφ’
1854 1580 2070 1647 ἵππων
2117 1570 2134 1599 ‘
2245 1570 2254 1579 ’

156 1730 161 1734 -
202 1684 511 1763 αὐλῶπις
553 1688 948 1774 τρυφάλεια,
994 1689 1378 1772 μιάνθησαν
1424 1684 1498 1754 δὲ
1543 1690 1802 1774 ἔθειραι
2122 1702 2225 1752 ‘195

164 1870 169 1876 ι
209 1790 445 1875 αἵματι
486 1790 597 1857 καὶ
640 1796 920 1878 κονίῃσι.
1008 1794 1217 1880 πάρος
1259 1818 1337 1878 γε
1380 1790 1501 1880 μὲν
1547 1794 1630 1860 οὐ
1675 1792 1871 1879 θέμις
1912 1788 2031 1876 ἦεν

212 1895 590 1982 ἱππόκομον
633 1901 891 1982 πήληκα
935 1902 1321 1983 μιαίνεσθαι
1366 1903 1702 1985 κονίῃσιν,

213 2000 363 2067 ἀλλ’
406 2003 648 2090 ἀνδρὸς
690 2008 909 2070 θείοιο
954 2004 1121 2088 κάρη
1168 2009 1397 2090 χαρίεν
1439 2028 1511 2070 τε
1556 2004 1857 2089 μέτωπον

216 2103 434 2192 (Μετ’,
466 2104 824 2194 Ἀχιλλῆος·
867 2112 1014 2176 τότε
1060 2107 1134 2176 δὲ
1179 2114 1348 2188 Ζεὺς
1375 2109 1644 2193 Ἕκτορι
1689 2111 1900 2175 δῶκεν

214 2205 265 2299 ᾖ
311 2221 561 2300 κεφαλῇ
606 2214 906 2300 φορέειν,
953 2217 1278 2301 σχεδόθεν
1326 2215 1405 2281 δέ
1446 2217 1517 2282 οἱ
1554 2211 1673 2298 ἦεν
1719 2217 2019 2301 ὄλεθρος.
2124 2230 2228 2280 800

217 2328 355 2385 πᾶν
401 2318 480 2386 δέ
521 2322 591 2385 οἱ
629 2321 703 2386 ἐν
746 2325 1076 2407 χείρεσσιν
1121 2324 1247 2406 ἄγη
1297 2323 1716 2407 δολιχόσκιον
1762 2323 1980 2406 ἔγχος,

224 2428 433 2509 βριθὺ
477 2423 643 2510 μέγα
689 2430 1004 2511 στιβαρὸν
1031 2425 1575 2514 κεκορυθμένον·
1621 2427 1887 2561 αὐτάρά(
1873 2423 1982 2492 ἀπ’
1983 2427 2254 2557 ωμων-
2375 2510 2382 2519 ¹
2425 2504 2436 2513 „

227 2530 417 2610 ἀσπὶς
462 2535 589 2597 σὺν
632 2538 956 2616 τελαμῶνι
1000 2530 1201 2618 χαμαὶ
1243 2531 1403 2599 πέσε
1445 2514 1932 2620 τερμιόεσσαῖζν

227 2641 384 2702 λῦσε
429 2636 510 2703 δέ
552 2639 621 2704 οἱ
659 2640 934 2724 θώρηκα
979 2638 1141 2718 αναξ
1186 2641 1356 2718 Διὸς
1398 2642 1544 2717 υίὸς
1578 2639 1960 2720 Ἀπόλλων.]

227 2744 342 2807 τὸν
377 2739 439 2807 δ’
483 2745 604 2828 ἄτη
650 2741 899 2831 φρένας
953 2737 1113 2827 εἷλε,
1168 2747 1380 2811 λύθεν
1428 2741 1489 2811 δ’
1529 2745 1659 2812 ὑπὸ
1707 2746 1992 2829 φαίδιμα
2041 2754 2228 2826 γυῖα,

228 2858 344 2933 στῆ
392 2845 468 2914 δὲ
511 2850 766 2932 ταφών·
813 2850 1054 2913 ὄπιθεν
1101 2845 1175 2914 δὲ
1219 2849 1635 2936 μετάφρενον
1680 2846 1814 2926 ὀξέι
1858 2847 2052 2935 δουρὶ
2124 2865 2229 2916 806

228 2955 424 3039 ὤμων
471 2957 799 3037 μεσσηγὺς
842 2955 1167 3038 σχεδόθεν
1212 2954 1373 3039 βάλε
1415 2955 1774 3038 Δάρδανος
1818 2953 2016 3039 ἀνήρ,

229 3062 621 3143 Πανθοΐδης
658 3056 1057 3145 Ἐύφορβος,
1105 3059 1178 3136 ὃς
1219 3060 1483 3143 ἡλικίην
1527 3057 1833 3125 ἐκέκαστο

229 3168 410 3251 ἔγχεΐ
443 3160 519 3230 θ’
563 3165 892 3250 ἱπποσύνῃ
936 3187 1008 3230 τε
1051 3166 1334 3231 πόδεσσί
1369 3188 1440 3230 τε
1484 3168 2016 3250 καρπαλίμοισιν·

228 3270 336 3336 καὶ
378 3272 506 3357 γὰρ
552 3272 635 3355 δὴ
681 3273 828 3336 τότε
870 3279 1095 3356 φῶτας
1139 3271 1382 3336 ἐείκοσι
1426 3273 1628 3353 βῆσεν
1673 3267 1789 3354 ἀφ’
1833 3270 2082 3353 ἵππων,
2126 3285 2231 3335 810

230 3373 428 3460 πρῶτ’
473 3377 693 3442 ἐλθὼν
738 3379 866 3441 σὺν
912 3378 1177 3461 ὄχεσφι,
1226 3377 1701 3459 διδασκόμενος
1744 3373 2085 3458 πολέμοιο·

232 3483 302 3559 ὅς
343 3506 449 3549 τοι
490 3493 749 3570 πρῶτος
793 3481 994 3565 ἐφῆκε
1038 3480 1258 3564 βέλος,
1308 3482 1712 3566 Πατρόκλεις
1759 3478 1983 3555 ἱππεῦ,
