2525 3884
1036 184 1340 236 IAIAA02
1374 184 1491 239 xv.
2164 181 2252 247 55

94 384 101 387 .
212 328 514 409 πληθὺν
561 323 685 411 μὲν
729 324 882 392 ποτὶ
927 335 1092 411 νῆας
1136 325 1477 412 ἀνώξομεν
1522 324 1958 393 ἀπονέεσθαι·
2147 341 2250 392 295

156 456 173 463 ·
214 428 425 496 αὐτοὶ
473 426 538 496 δ’
554 478 576 515 ,
615 432 805 498 ὅσσοι
849 432 1107 519 ἄριστοι
1154 429 1254 497 ἐνὶ
1301 440 1556 521 στρατῷ
1603 428 1914 518 εὐχόμεθ’
1969 425 2170 514 εἶναι,

212 538 546 622 στήομεν,
593 542 662 602 εἴ
687 561 763 602 κε
805 548 1070 624 πρῶτον
1118 537 1438 623 ἐρύξομεν
1482 536 1908 615 ἀντιάσαντες

213 638 503 728 δούρατ’
555 643 1021 729 ἀνασχόμενοι·
1063 644 1187 709 τὸν
1233 642 1297 708 δ’
1351 649 1470 710 οἴω
1515 641 1626 710 καὶ
1670 655 1976 729 μεμαῶτα

214 754 433 835 θυμῷ
479 749 826 816 δείσεσθαι
869 756 1163 817 Δαναῶν
1206 752 1573 816 καταδῦναι
1616 750 1917 836 ὅμιλον.“

232 870 237 875 ·
317 847 412 932 ὧς
429 849 660 939 ἔφαθ’,
681 855 752 920 οί
762 850 823 920 δ’
842 856 970 941 ἄρα
985 863 1107 921 τοῦ
1120 855 1295 940 μάλα
1313 852 1436 940 μὲν
1454 857 1662 922 κλύον
1678 852 1799 941 ἠδὲ
1817 858 2119 921 πίθοντο.
2142 871 2248 921 300

214 960 302 1026 οἱ
341 955 466 1044 μὲν
513 958 623 1047 ἄρ’
678 958 841 1046 ἀμφ’
892 967 1152 1027 Αἴαντα
1193 958 1306 1026 καὶ
1342 954 1686 1048 Ἰδομενῆα
1732 963 2008 1044 ἄνακτα,

224 1069 540 1153 Τεῦκρον
583 1069 946 1153 Μηριόνην
989 1086 1079 1133 τε·
1103 1065 1345 1152 Μέγην
1388 1062 1447 1132 τ’
1498 1066 1867 1134 ἀτάλαντον
1885 1066 2113 1152 Ἄρηι,

214 1171 522 1256 ὑσμίνην
565 1174 860 1256 ἤρτυνον
873 1219 896 1258 ,
942 1174 1254 1260 ἀριστῆας
1295 1171 1716 1258 καλέσαντες,

207 1277 485 1365 Ἕκτορι
527 1275 639 1343 καὶ
691 1279 1030 1365 Τρώεσσιν
1075 1279 1412 1345 ἐναντίον·
1456 1279 1664 1365 αὐτὰρ
1710 1279 1963 1346 ὀπίσσω

218 1384 274 1469 ἡ
316 1386 581 1468 πληθὺς
614 1382 722 1452 ἐπὶ
763 1393 929 1470 νῆας
965 1381 1246 1470 Ἀχαιῶν
1290 1383 1673 1450 ἀπονέοντο.
2143 1400 2246 1451 305

330 1495 549 1575 Τρῶες
593 1487 669 1557 δὲ
712 1490 1106 1578 προύτυψαν
1149 1489 1444 1573 ἀολλέες,
1489 1485 1650 1577 ἦρχε
1694 1484 1758 1557 δ’
1810 1484 1914 1577 ἄρ’
1932 1489 2186 1576 Ἕκτωρ

225 1598 449 1681 μακρὰ
491 1596 708 1681 βιβάς·
751 1596 1055 1682 πρόσθεν
1100 1592 1174 1661 δὲ
1216 1594 1311 1661 κί’
1362 1595 1571 1661 αὐτοῦ
1621 1598 1869 1681 Φοῖβος
1905 1592 2246 1663 Ἀπόλλων

233 1699 496 1788 είμένος
541 1703 780 1786 ὤμοιιν
822 1699 1142 1785 νεφέλην,
1190 1704 1297 1786 ἔχε
1343 1696 1410 1766 δ’
1461 1703 1685 1786 αἰγίδα
1730 1709 1980 1789 θοῦριν

227 1810 466 1893 δεινὴν
508 1807 958 1892 ἀμφιδάσειαν
1001 1802 1368 1894 ἀριπρεπέ’,
1402 1808 1489 1892 ἣν
1535 1809 1662 1895 ἄρα
1706 1811 1984 1894 χαλκεὺς

212 1912 588 2000 ’Ἠφαιστος
631 1911 752 1980 Διὶ
799 1914 968 1979 δῶκε
1012 1915 1389 2000 φορήμεναι
1431 1915 1499 1991 ἐς
1543 1917 1762 2000 φόβον
1807 1914 2104 2001 ἀνδρῶν·
2139 1931 2244 1981 310

224 2022 358 2105 τὴν
400 2014 506 2105 ἄρ’
546 2021 583 2086 ὅ
626 2014 693 2104 γ’
741 2018 816 2085 έν
858 2021 1191 2106 χείρεσσιν
1235 2022 1406 2105 ἔχων
1448 2019 1739 2104 ἡγήσατο
1787 2025 1983 2085 λαῶν.

222 2125 514 2212 Ἀργεῖοι
558 2120 621 2192 δ’
672 2125 1032 2210 ὑπέμειναν
1077 2125 1372 2209 ἀολλέες,
1419 2121 1591 2212 ὦρτο
1639 2123 1701 2190 δ’
1754 2125 1918 2210 ἀυτὴ

228 2230 394 2311 ὀξεῖ’
444 2230 957 2319 ἀμφοτέρωθεν,
1005 2232 1130 2298 ἀπὸ
1178 2241 1468 2318 νευρῆφι
1515 2229 1578 2296 δ’
1630 2229 1844 2297 ὀιστοὶ

228 2345 575 2422 θρῶσκον·
620 2339 832 2404 πολλὰ
877 2334 951 2403 δὲ
998 2339 1210 2424 δοῦρα
1253 2336 1639 2424 θρασειάων
1684 2337 1810 2402 ἀπὸ
1856 2349 2097 2425 χειρῶν

229 2443 403 2509 ἄλλα
443 2439 566 2528 μὲν
610 2441 684 2509 έν
727 2444 883 2530 χροῒ
918 2440 1197 2528 πήγνυτ’
1249 2442 1597 2529 ἀρηιθόων
1641 2445 1915 2527 αἰζηῶν,
2140 2461 2247 2511 315

228 2549 445 2615 πολλὰ
490 2546 565 2614 δὲ
608 2546 718 2614 καὶ
763 2548 1089 2633 μεσσηγύ,
1144 2546 1355 2634 πάρος
1406 2550 1572 2634 χρόα
1617 2548 1857 2613 λευκὸν
1904 2547 2248 2635 ἐπαυρεῖν,

233 2653 312 2721 έν
354 2657 510 2742 γαίῃ
557 2655 852 2737 ἵσταντο,
899 2656 1283 2738 λιλαιόμενα
1327 2655 1526 2740 χροὸς
1570 2646 1741 2719 ἆσαι.

233 2760 417 2846 ὄφρα
458 2756 581 2844 μὲν
628 2761 851 2844 αἰγίδα
893 2757 1122 2846 χερσὶν
1169 2756 1262 2844 ἔχ’
1315 2758 1561 2848 ἀτρέμα
1612 2762 1860 2843 Φοῖβος
1889 2756 2248 2861 Ἀπόλλων,

232 2869 455 2953 τόφρα
507 2861 658 2952 μάλ’
709 2864 1105 2953 ἀμφοτέρων
1159 2863 1336 2949 βέλε’
1395 2868 1665 2951 ἥπτετο,
1709 2877 1902 2931 πῖπτε
1948 2862 2022 2932 δὲ
2067 2871 2248 2945 λαός·

235 2972 444 3059 αὐτὰρ
487 2969 628 3038 ἐπεὶ
669 2983 1010 3038 κατενῶπα
1057 2973 1223 3038 ἰδὼν
1264 2978 1559 3039 Δαναῶν
1601 2972 2009 3056 ταχυπώλων
2144 2990 2249 3040 320

237 3075 432 3162 σεϊσ’,
478 3074 585 3144 ἐπὶ
631 3074 693 3142 δ’
747 3077 946 3155 αὐτὸς
981 3079 1145 3144 ἅυσε
1190 3079 1362 3162 μάλα
1407 3075 1603 3162 μέγα,
1647 3087 1823 3143 τοῖσι
1870 3074 1945 3144 δὲ
1987 3079 2216 3163 θυμὸν

237 3182 312 3250 ἐν
357 3185 720 3267 στήθεσσιν
765 3182 1022 3267 ἔθελξε,
1069 3184 1364 3250 λάθοντο
1412 3180 1487 3249 δὲ
1531 3183 1857 3269 θούριδος
1901 3185 2117 3268 ἀλκῆς.

238 3290 312 3356 οί
350 3283 439 3373 δ’,
488 3290 579 3366 ὥς
620 3287 680 3354 τ’
730 3286 806 3373 ήὲ
852 3293 1032 3374 βοῶν
1077 3288 1322 3374 ἀγέλην
1366 3289 1408 3374 ἢ
1453 3300 1600 3356 πῶυ
1646 3284 1789 3374 μέγ’
1840 3292 2002 3355 οἰῶν

234 3401 407 3480 θῆρε
452 3395 592 3460 δύω
637 3392 958 3460 κλονέωσι
1003 3398 1317 3479 μελαίνης
1360 3397 1601 3471 νυκτὸς
1644 3393 1932 3480 ἀμολγῷ,

237 3495 502 3585 ἐλθόντ’
555 3498 861 3583 ἐξαπίνης
905 3500 1317 3584 σημάντορος
1362 3499 1444 3563 οὐ
1489 3499 1880 3583 παρεόντος,
2115 3510 2251 3556 ’325
