2525 3884
290 199 425 266 204
1091 201 1397 254 1A1AA02
1432 201 1499 255 x,

292 340 597 430 ,,λίσσομ’
647 342 813 432 ὑπὲρ
859 354 1072 431 ψυχῆς
1115 341 1225 410 καὶ
1269 344 1535 428 γούνων
1574 353 1713 409 σῶν
1745 365 1817 409 τε
1859 345 2149 427 τοκήων,

293 453 381 535 μή
425 474 506 536 με
551 453 626 516 ἔα
668 452 846 538 παρὰ
890 448 1092 535 νηυσὶ
1132 450 1342 528 κύνας
1382 449 1755 529 καταδάψαι
1792 446 2102 533 Ἀχαιῶν,

294 555 460 623 ἀλλὰ
503 559 589 622 σὺ
634 553 756 642 μὲν
799 560 1045 643 χαλκόν
1087 579 1158 622 τε
1201 556 1348 634 ἅλις
1390 557 1642 641 χρυσόν
1684 578 1757 621 τε
1803 552 2026 631 δέδεξο
2202 567 2329 618 340

296 663 498 746 δῶρα,
542 664 623 729 τά
666 686 773 729 τοι
817 663 1111 729 δώσουσι
1153 663 1369 748 πατὴρ
1414 659 1526 727 καὶ
1570 663 1807 727 πότνια
1851 662 2093 745 μήτηρ,

292 779 482 853 σῶμα
535 765 610 835 δὲ
665 765 876 835 οἴκαδ’
928 769 1090 854 ἐμὸν
1113 766 1414 852 ’δόμεναι
1464 768 1695 851 πάλιν,
1750 769 1930 851 ὄφρα
1971 767 2183 852 πυρός
2226 789 2326 837 με

300 877 521 960 Τρῶες
564 872 675 940 καὶ
725 874 991 961 Τρώων
1019 874 1250 958 ἄλοχοι
1294 873 1616 958 λελάχωσι
1659 871 2022 938 θανόντα.“

380 980 499 1045 τὸν
519 976 587 1045 δ’
613 975 723 1066 ἄρ’
747 978 1005 1066 ὑπόδρα
1035 980 1200 1045 ἰδὼν
1217 977 1519 1066 προσέφη
1539 980 1749 1057 πόδας
1768 977 1941 1054 ὠκὺς
1952 971 2319 1062 Ἀχιλλεύς·

296 1087 430 1169 ,,μή
474 1107 576 1170 με,
621 1086 811 1168 κύον,
855 1086 1126 1169 γούνων
1170 1085 1489 1169 γουνάζεο
1534 1080 1702 1169 μηδὲ
1743 1087 2025 1169 τοκήων·
2200 1096 2319 1148 345

296 1190 371 1254 αἳ
408 1190 536 1276 γάρ
579 1211 720 1269 πως
764 1191 970 1257 αὑτόν
1013 1214 1094 1276 με
1138 1189 1341 1276 μένος
1381 1188 1492 1257 καὶ
1534 1192 1756 1276 θυμὸς
1798 1189 1983 1274 ἀνείη

297 1291 420 1381 ὤμ’
473 1295 1018 1382 ἀποταμνόμενον
1062 1295 1224 1384 κρέα
1270 1298 1567 1381 ἔδμεναι,
1614 1287 1724 1362 οἷά
1764 1291 1834 1381 μ’
1884 1298 2146 1383 ἔοργας,

296 1402 387 1481 ὡς
431 1402 555 1469 οὐκ
598 1399 785 1487 ἔσθ’,
831 1401 905 1481 ὃς
940 1411 1060 1487 σῆς
1101 1425 1179 1486 γε
1212 1403 1421 1480 κύνας
1462 1407 1751 1488 κεφαλῆς
1794 1401 2186 1484 ἀπαλάλκοι

297 1504 444 1574 οὐδ’
495 1514 565 1574 εἴ
597 1532 714 1575 κεν
760 1508 1019 1585 δεκάκις
1061 1531 1132 1574 τε
1174 1506 1287 1574 καὶ
1307 1528 1316 1567 ι
1333 1514 1542 1574 εἴκοσι
1582 1503 1805 1599 νήριτ]
1846 1484 2112 1575 ἄποινα

297 1610 579 1698 στήσωσ’
622 1610 860 1680 ἐνθάδ’
901 1615 1204 1698 ἄγοντες,
1239 1613 1660 1699 ὑπόσχωνται
1701 1609 1775 1679 δὲ
1809 1610 1921 1678 καὶ
1956 1614 2147 1678 ἄλλα·
2201 1627 2316 1678 350

298 1713 445 1785 οὐδ’
498 1724 565 1784 εἴ
599 1742 716 1784 κεν
761 1714 824 1783 σ’
876 1718 1081 1785 αὑτὸν
1124 1727 1348 1808 χρυσῷ
1395 1720 1766 1806 ἐρύσασθαι
1808 1717 2058 1803 ἀνωγοι
2167 1774 2172 1779 .

297 1826 730 1908 Δαρδανίδης
773 1828 1098 1910 Πρίαμος,
1144 1820 1298 1890 οὐδ’
1350 1820 1439 1902 ὧς
1484 1824 1564 1891 σε’
1601 1847 1678 1910 γε
1711 1826 1948 1890 πότνια
1991 1826 2202 1911 μήτηρ

186 1938 192 1947 ’
266 1930 623 2018 ’ἐνθεμένη
670 1930 963 2017 λεχέεσσι
1005 1932 1337 2016 γοήσεται,
1383 1930 1465 1997 ὃν
1506 1930 1694 1997 τέκεν
1739 1930 1935 2015 αὐτή,

299 2038 466 2105 ἀλλὰ
508 2040 704 2117 κύνες
744 2061 817 2105 τε
859 2035 970 2104 καὶ
1015 2034 1246 2104 οἰωνοὶ
1290 2038 1453 2103 κατὰ
1486 2037 1699 2103 πάντα
1745 2037 2124 2103 δάσονται.“

385 2146 505 2212 τὸν
528 2142 602 2211 δὲ
620 2147 1103 2228 καταθνῄσκων
1120 2143 1423 2230 προσέφη
1444 2146 1888 2230 κορυθαίολος
1905 2141 2157 2229 ’Ἑκτωρ
2169 2162 2186 2179 ·
2202 2157 2313 2209 355

299 2247 385 2336 „fi
443 2247 503 2317 σ’
564 2251 641 2318 ἐὺ
684 2250 1074 2336 γιγνώσκων
1117 2252 1624 2336 προτιόσσομαι,
1680 2245 1828 2316 οὐδ’
1878 2245 1984 2337 ἄρ’
2034 2252 2313 2335 ἔμελλον

298 2359 579 2423 πείσειν·
622 2351 666 2440 ἦ
710 2359 837 2443 γὰρ
883 2358 1000 2422 σοί
1035 2379 1113 2440 γε
1158 2357 1465 2442 σιδήρεος
1508 2355 1583 2422 έν
1629 2353 1829 2441 φρεσὶ
1870 2357 2105 2442 θυμός.

301 2462 544 2549 φράζεο
589 2471 740 2545 νῦν,
786 2464 876 2547 μή
920 2463 1033 2528 τοί
1067 2484 1134 2527 τι
1176 2468 1361 2528 θεῶν
1404 2463 1655 2547 μήνιμα
1699 2459 1990 2545 γένωμαι

298 2570 498 2654 ἤματι
539 2575 663 2656 τῷ,
710 2568 816 2633 ὅτε
859 2566 976 2632 κέν
1020 2584 1096 2634 σε
1141 2567 1357 2652 Πάρις
1398 2566 1509 2633 καὶ
1558 2571 1807 2652 Φοῖβος
1843 2562 2173 2634 Ἀπόλλων

301 2675 550 2741 ἐσθλὸν
595 2668 767 2740 ἐόντ’
819 2670 1142 2739 ὀλέσωσιν
1187 2672 1291 2740 ἐνὶ
1334 2678 1621 2760 Σκαιῇσι
1663 2674 2012 2761 πύλῃσιν.“
2205 2690 2310 2741 360
2409 2714 2418 2723 -

390 2775 478 2858 ὧς
522 2781 652 2866 ἄρα
696 2802 812 2865 μιν
848 2780 1117 2845 εἰπόντα
1160 2778 1348 2857 τέλος
1389 2780 1712 2846 θανάτοιο
1756 2780 2078 2865 κάλυψεν,

300 2887 478 2972 ψυχὴ
527 2882 589 2952 δ’
641 2886 714 2953 ἐκ
758 2883 1016 2972 ῥεθέων
1061 2884 1355 2971 πταμένη
1397 2881 1693 2952 ’Λιδόσδε
1737 2887 2042 2971 βεβήκειν

303 2991 385 3058 ὃν
427 2995 682 3078 πότμον
724 2996 1010 3078 γοόωσα,
1050 2988 1324 3059 λιποῦσ’
1369 2992 1736 3079 ἀνδροτῆτα
1778 2990 1891 3057 καὶ
1933 2993 2122 3076 ἥβην.

301 3100 421 3166 τὸν
464 3097 575 3165 καὶ
617 3105 964 3183 τεθνηῶτα
1005 3098 1356 3185 προσηύδα
1402 3099 1544 3176 δῖος
1582 3095 1938 3183 Ἀχιλλεύς·

305 3203 665 3289 ,,τέθναθι·
690 3213 859 3291 κῆρα
887 3198 949 3270 δ’
984 3204 1111 3288 ἐγὼ
1138 3205 1286 3269 τότε
1314 3201 1609 3288 δέξομαι,
1647 3203 1893 3270 ὁππότε
1925 3226 2043 3270 κεν
2080 3204 2163 3287 δὴ
2208 3219 2309 3269 365

305 3314 475 3390 Ζεὺς
519 3309 717 3396 ἐθέλῃ
760 3309 1019 3376 τελέσαι
1061 3305 1172 3393 ἠδ’
1221 3309 1550 3375 ἀθάνατοι
1591 3308 1746 3385 θεοὶ
1789 3310 2042 3376 ἄλλοι.“

394 3414 436 3501 ἦ
487 3416 572 3504 ῥα
613 3413 725 3482 καὶ
769 3416 841 3482 ἐκ
885 3425 1149 3502 νεκροῖο
1196 3415 1521 3501 ἐρύσσατο
1566 3415 1843 3500 χάλκεον
1889 3418 2108 3501 ἔγχος,
2145 3418 2151 3423 ’

306 3523 416 3590 καὶ
461 3526 535 3590 τό
579 3518 643 3608 γ’
685 3524 976 3588 ἄνευθεν
1014 3516 1235 3605 ἔθηχ’,
1282 3520 1318 3585 ὁ
1358 3516 1422 3585 δ’
1465 3517 1575 3587 ἀπ’
1620 3522 1818 3607 ὤμων
1853 3517 2063 3608 τεύχε’
2115 3520 2311 3587 έσύλα

2113 1447 2290 1531 ³:22«ss
2311 1464 2478 1535 <tw
2500 1474 2524 1505 ι
