2525 3884
302 173 431 241 134
1098 174 1401 226 ΙΛΙΑΔΟΣ
1437 175 1501 226 Σ.

299 316 372 382 ἐν
420 313 481 382 δ’
525 317 794 394 ὠτειλὰς
838 322 1096 401 πλῆσαν
1143 317 1495 402 ἀλείφατος
1539 316 1909 402 ἐννεώροιο.
1983 347 1992 352 ’
2124 301 2129 308 ’

299 421 373 488 έν
408 422 700 507 λεχέεσσι
747 421 821 490 δὲ
864 409 1098 501 θέντες
1142 421 1316 512 ἑανῷ
1364 420 1494 489 λιτὶ
1536 423 1839 502 κάλυψαν

298 526 366 603 ἐς
408 529 619 606 πόδας
663 529 735 595 ἐκ
777 533 1095 614 κεφαλῆς,
1140 530 1526 615 καθύπερθε
1574 523 1647 593 δὲ
1692 528 1894 614 φάρει·
1933 533 2165 617 λευκῷ.

384 636 739 719 παννύχιοι
784 631 906 719 μὲν
953 636 1172 699 ἔπειτα
1215 635 1427 709 πόδας
1469 635 1676 718 ταχὺν
1723 628 1884 719 ἀμφ’
1930 629 2193 718 Ἀχιλῆα

236 761 241 766 ·
297 740 731 824 Μυρμιδόνες
776 740 1169 825 Πάτροκλον
1215 738 1729 824 ἀνεστενάχοντο
1773 747 2084 822 γοῶντες·
2203 756 2306 805 355

302 845 498 924 [Ζεὺς
547 840 608 910 δ’
645 843 864 931 ’Ἠρην
908 842 1254 930 προσέειπε
1300 847 1701 928 κασιγνήτην
1746 845 1989 928 ἄλοχόν
2032 863 2129 910 τε·

297 950 625 1035 »ἔπρηξας
666 948 778 1015 καὶ
824 953 1072 1032 ἔπειτα,
1120 952 1369 1033 βοῶπις
1410 952 1648 1015 πότνια
1678 947 1883 1036 ”Ηρη,

300 1049 656 1140 ἀνστήσασ’
701 1052 963 1140 Ἀχιλῆα
1006 1056 1218 1133 πόδας
1258 1057 1493 1141 ταχύν·
1538 1051 1580 1139 ἧ
1628 1048 1711 1140 ξῖά
1752 1080 1838 1121 νυ
1883 1065 2021 1121 σεῖο

300 1157 367 1238 ἐξ
414 1160 615 1245 αὐτῆς
660 1160 968 1246 ἐγένοντο
1012 1162 1179 1247 κάρη
1226 1165 1600 1246 κομόωντες
1636 1158 1945 1247 Ἀχαιοί.“

386 1268 506 1331 τὸν
554 1262 616 1332 δ’
658 1262 942 1353 ἠμείβετ’
982 1271 1203 1333 ἔπειτα
1248 1272 1497 1353 βοῶπις
1538 1271 1774 1333 πότνια
1803 1265 2003 1353 1’Ἠρη·
2202 1286 2302 1337 360

298 1374 646 1456 ,,αἰνότατε
689 1375 1023 1459 Κρονίδη,
1069 1384 1266 1440 ποῖον
1311 1375 1432 1440 τὸν
1476 1381 1700 1458 μῦθον
1745 1376 1966 1451 ἔειπες.
2161 1446 2164 1449 Α

298 1476 407 1543 καὶ
453 1476 574 1563 μὲν
621 1481 704 1564 δή
749 1482 881 1546 πού
924 1504 1024 1557 τις
1069 1479 1289 1564 μέλλει
1334 1481 1571 1566 βροτὸς
1615 1478 1810 1568 ἀνδρὶ
1854 1479 2181 1565 τελέσσαι,

300 1585 374 1661 ὅς
416 1605 539 1669 περ
582 1588 834 1668 θνητός
877 1583 936 1649 τ’
989 1583 1126 1651 ἐστὶ
1169 1584 1282 1651 καὶ
1326 1585 1409 1650 οὐ
1453 1588 1616 1651 τόσα
1658 1587 1869 1670 μήδεα
1913 1581 2122 1652 οἶδεν·

297 1700 437 1766 πῶς
485 1691 569 1773 δὴ
615 1689 744 1774 ἐγώ
787 1688 881 1775 γ’,
926 1691 970 1775 ἥ
1016 1714 1187 1776 φημι
1229 1691 1459 1756 θεάων
1504 1694 1706 1776 ἔμμεν
1750 1692 2013 1778 ἀρίστη,

299 1796 696 1881 ἀμφότερον,
741 1805 937 1881 γενεῇ
979 1819 1050 1862 τε
1093 1794 1205 1862 καὶ
1250 1797 1492 1865 οὕνεκα
1538 1799 1619 1881 σὴ
1664 1798 2042 1884 παράκοιτις
2203 1813 2301 1865 365

297 1901 640 1987 κέκλημαι,
688 1905 775 1967 σὺ
822 1899 895 1968 δὲ
937 1910 1098 1968 πᾶσι
1142 1901 1280 1988 μετ’
1324 1904 1762 1970 ἀθανάτοισιν
1809 1903 2147 1988 ἀνάσσεις,

301 2008 423 2075 οὐκ
466 2010 715 2094 ὄφελον
768 2007 1064 2092 Τρώεσσι
1104 1997 1549 2094 κοτεσσαμένη
1594 2011 1761 2075 κακά
1806 2009 2086 2095 ράψαι;“

387 2109 477 2191 ὦς
520 2114 592 2180 οἱ
630 2110 752 2200 μὲν
795 2122 1069 2180 τοιαῦτα
1111 2116 1278 2202 πρὸς
1323 2115 1645 2207 ἀλλήλους
1690 2104 2015 2202 ἀγόρευον
2026 2116 2071 2197 ·]

288 2216 658 2305 Ἡφαίστου
705 2217 772 2285 δ’
823 2221 1010 2288 ἵκανε
1055 2222 1266 2305 δόμον
1313 2219 1500 2299 Θέτις
1545 2221 1952 2309 ἀργυρόπεζα

297 2325 590 2409 ἄφθιτον
635 2324 1056 2411 ἀστερόεντα,
1102 2324 1488 2413 μεταπρεπέ’
1532 2326 1995 2409 ἀθανάτοισιν,
2204 2341 2303 2391 370

294 2428 602 2514 χάλκεον,
651 2431 732 2496 ὅν
778 2426 841 2516 ῤ’
884 2433 1082 2509 αὐτὸς
1124 2436 1444 2516 ποιήσατο
1488 2432 1963 2498 κυλλοποδίων.

294 2536 414 2600 τὸν
461 2530 521 2599 δ’
564 2528 705 2621 εὗρ’
751 2536 1080 2622 ἱδρώοντα
1126 2535 1556 2623 ἑλισσόμενον
1598 2535 1749 2624 περὶ
1794 2538 2040 2622 φύσας,

296 2640 696 2707 σπεύδοντα·
741 2643 1057 2726 τρίποδας
1099 2643 1227 2728 γὰρ
1274 2642 1515 2709 ἐείκοσι
1557 2643 1807 2720 πάντας
1850 2644 2111 2725 ἔτευχεν

295 2745 644 2831 ἑστάμεναι
686 2744 838 2834 περὶ
881 2756 1107 2833 τοῖχον
1155 2747 1516 2826 ἐυσταθέος
1560 2749 1900 2836 μεγάροιο·

293 2854 541 2937 χρύσεα
587 2851 668 2918 δέ
707 2849 822 2938 σφ’
865 2851 995 2919 ὑπὸ
1039 2853 1249 2919 κύκλα
1294 2852 1541 2944 ἑκάστῳ
1585 2853 1882 2940 πυθμένι
1924 2859 2166 2937 θῆκεν,
2200 2867 2302 2918 375

295 2959 476 3046 ὄφρα
520 2959 593 3024 οἰ
631 2958 990 3045 αὐτόματοι
1031 2966 1227 3025 θεῖον
1274 2956 1574 3026 δυσαίατ’
1615 2959 1841 3043 ἀγῶνα

294 3058 399 3147 ἠδ’
443 3058 628 3141 αὖτις
670 3065 836 3152 πρὸς
882 3065 1070 3149 δῶμα
1112 3067 1406 3149 νεοίατο,
1452 3071 1684 3150 θαῦμα
1730 3063 2013 3132 ἰδέσθαι.

295 3168 367 3235 οἰ
407 3166 469 3234 δ’
510 3163 553 3254 ἦ
599 3191 703 3235 τοι
755 3171 1001 3236 τόσσον
1054 3165 1177 3255 μὲν
1233 3173 1389 3256 ἕχον
1441 3169 1656 3253 τέλος,
1711 3169 1917 3235 οὔατα
1963 3163 2026 3236 δ’
2069 3169 2152 3235 οὔ
2205 3190 2302 3233 πω

294 3275 613 3342 δαιδάλεα
665 3273 1075 3362 προσέκειτο·
1126 3275 1210 3342 τά
1254 3273 1318 3362 ῥ’
1358 3278 1587 3362 ἤρτυε,
1642 3277 1840 3340 κόπτε
1886 3274 1962 3341 δὲ
2008 3275 2302 3362 δεσμούς.

293 3376 450 3468 ὄφρ’
493 3379 531 3446 ὅ
575 3402 653 3464 γε
695 3377 879 3446 ταῦτ’
922 3379 1217 3448 ἐπονεῖτο
1266 3382 1519 3468 ἰδυίῃσι
1562 3381 2031 3467 πραπίδεσσιν,
2203 3395 2302 3445 380

291 3487 510 3575 τόφρα
556 3484 629 3553 οῖ
667 3484 957 3570 ἐγγύθεν
999 3481 1170 3571 ἦλθε
1212 3487 1377 3570 θεά,
1426 3485 1615 3564 Θέτις
1658 3486 2086 3574 ἀργυρόπεζα.
2154 3491 2161 3497 '
