2525 3884
281 201 365 267 78
1067 201 1371 253 IAJAAoz
1405 201 1479 252 Π.

281 354 400 429 στῆ
446 342 518 410 δὲ
563 338 837 428 πάροιθ’
878 342 1098 409 ἐλθὼν
1133 345 1417 426 κλισίης,
1465 345 1560 408 ἔτι
1596 339 1660 407 δ’
1703 333 1906 427 ἤθελε
1940 350 2139 432 θυμῷ
2175 358 2306 408 255

279 448 587 515 εἰσιδέειν
622 450 884 539 ιΤρώων
927 447 1038 514 καὶ
1076 442 1355 532 Ἀχαιῶν
1405 450 1696 532 φύλοπιν
1742 451 1964 533 αἰνήν·

280 556 351 620 οἱ
391 552 452 620 δ’
494 555 630 640 ἅμα
674 556 1038 643 Πατρόκλῳ
1087 556 1483 640 μεγαλήτορι
1524 552 1993 641 θωρηχθέντες

280 662 568 747 ἔστιχον,
615 657 769 747 ὄφρ’
814 660 889 726 ἐν
940 658 1160 746 Τρωσὶ
1205 658 1373 744 μέγα
1416 658 1817 745 φρονέοντες
1860 662 2172 746 ὄρουσαν.

279 766 512 831 αὐτίκα
556 762 631 832 δὲ
675 767 1042 850 σφήκεσσιν
1088 765 1373 842 ἐοικότες
1419 763 1749 849 ἐξεχέοντο

278 871 621 955 εἰνοδίοις,
667 871 785 948 οὓς
827 871 1057 947 παῖδες
1100 870 1573 955 ἐριδμαίνωσιν
1618 872 1918 955 ἔθοντες,
2177 887 2301 939 260

280 973 438 1059 [αἰεὶ
478 974 968 1063 κερτομέοντες,
1016 975 1152 1063 ὀδῷ
1199 977 1306 1041 ἔπι
1352 974 1508 1041 οἰκί’
1561 979 1885 1061 ἔχοντας,]

276 1084 613 1167 νηπίαχοι·
659 1079 862 1160 ξυνὸν
907 1076 984 1147 δὲ
1025 1082 1233 1146 κακὸν
1275 1079 1581 1147 πολέεσσι
1622 1087 1937 1147 τιθεῖσιν·

275 1189 433 1265 τοὺς
477 1184 535 1252 δ’
581 1193 648 1252 εἴ
681 1207 804 1273 περ
848 1186 1026 1271 παρά
1067 1189 1166 1263 τίς
1208 1209 1281 1251 τε
1323 1187 1487 1252 κιὼν
1531 1188 1888 1272 ἄνθρωπος
1932 1188 2155 1271 ὁδίτης

275 1296 513 1379 κινήσῃ
558 1290 801 1376 ἀέκων,
848 1292 921 1358 οἰ
959 1284 1022 1356 δ’
1061 1293 1342 1377 ἄλκιμον
1384 1287 1546 1379 ἦτορ
1593 1295 1852 1377 ἔχοντες

275 1401 546 1482 πρόσσω
587 1406 715 1476 πᾶς
756 1396 1016 1464 πέτεται
1058 1395 1171 1463 καὶ
1213 1397 1451 1482 ἀμύνει
1495 1390 1630 1464 οἷσι
1671 1397 1986 1465 τέκεσσιν.
2175 1416 2293 1467 265

274 1514 410 1569 τῶν
452 1505 600 1570 τότε
642 1505 1076 1590 Μυρμιδόνες
1120 1505 1404 1588 κραδίην
1446 1501 1557 1568 καὶ
1600 1505 1829 1588 θυμὸν
1874 1508 2134 1590 ἔχοντες

274 1609 351 1675 ἐκ
391 1620 574 1693 νηῶν
619 1607 910 1693 ἐχέοντο·
955 1609 1080 1692 βοὴ
1129 1604 1193 1674 δ’
1237 1610 1554 1692 ἄσβεστος
1598 1608 1894 1695 ὀρώρειν.

279 1715 661 1800 Πάτροκλος
704 1708 766 1779 δ’
809 1712 1140 1798 ἑτάροισιν
1185 1712 1479 1779 ἐκέκλετο
1524 1716 1779 1799 μακρὸν
1823 1715 2058 1793 ἀΰσας·

276 1820 782 1905 ,,Μυρμιδόνες,
829 1817 1051 1903 ἕταροι
1097 1819 1493 1902 Πηληιάδεω
1532 1816 1857 1904 Ἀχιλῆος,

278 1924 505 2010 ἀνέρες
547 1926 720 2007 ἔστε,
767 1925 986 2008 φίλοι,
1030 1925 1379 2007 μνήσασθε
1425 1920 1500 1989 δὲ
1542 1926 1870 2010 θούριδος
1913 1925 2142 2010 ἀλκῆς,
2179 1943 2293 1994 2⁷0

278 2032 367 2108 ὡς
409 2029 494 2096 ἂν
538 2030 879 2114 Πηλεΐδην
921 2031 1314 2114 τιμήσομεν,
1359 2028 1432 2106 ὃς
1475 2024 1620 2113 μέγ’
1662 2031 1928 2115 ἄριστος

270 2131 583 2220 Ἀργείων
626 2136 803 2217 παρὰ
844 2132 1048 2219 νηυσὶ
1089 2131 1201 2198 καὶ
1244 2132 1598 2218 ἀγχέμαχοι
1638 2136 2074 2220 θεράποντες,

276 2248 412 2328 γνῷ
459 2238 535 2306 δὲ
576 2237 688 2306 καὶ
723 2237 1055 2326 Ἀτρεΐδης
1099 2239 1262 2324 εὐρὺ
1305 2241 1545 2324 κρείων
1582 2236 2032 2325 Ἀγαμέμνων-

276 2347 361 2428 ἣν
405 2347 598 2429 ἄτην,
643 2345 681 2410 ὅ
715 2342 775 2410 τ’
817 2346 1090 2430 ἄριστον
1126 2338 1404 2429 Ἀχαιῶν
1449 2341 1650 2410 οὐδὲν
1694 2348 1971 2411 ἔτισεν.“

367 2446 455 2527 ὦς
499 2449 700 2516 εἰπὼν
746 2451 998 2532 ὤτρυνε
1042 2447 1240 2534 μένος
1284 2447 1392 2515 καὶ
1435 2451 1664 2534 θυμὸν
1708 2448 2002 2519 ἑκάστου.
2180 2472 2290 2524 2⁷5

238 2555 351 2621 ’ἐν
398 2549 460 2619 δ’
502 2557 739 2620 ἔπεσον
791 2555 1127 2638 Τρώεσσιν
1172 2552 1462 2631 ἀολλέες·
1508 2553 1678 2638 ἀμφὶ
1724 2552 1799 2621 δὲ
1843 2565 1996 2641 νῆες

276 2657 682 2746 σμερδαλέον
725 2658 1107 2742 κονάβησαν
1150 2658 1496 2725 ἀυσάντων
1539 2656 1653 2724 ὑπ’
1698 2655 1992 2746 Ἀχαιῶν.

285 2769 500 2850 Τρῶες
545 2758 609 2829 δ’
651 2766 741 2841 ὡς
784 2765 1043 2830 εἴδοντο
1088 2768 1457 2831 Μενοιτίου
1502 2767 1780 2849 ἄλκιμον
1823 2768 2008 2849 υἱόν,

277 2871 481 2935 αὐτὸν
523 2867 633 2935 καὶ
674 2869 1055 2955 θεράποντα
1097 2870 1225 2933 σὺν
1270 2872 1485 2935 ἔντεσι
1528 2873 2048 2957 μαρμαίροντας,

275 2984 477 3041 πᾶσιν
520 2974 764 3060 ὀρίνθη
807 2975 1055 3058 θυμός,
1098 2972 1412 3056 ἐκίνηθεν
1457 2971 1532 3040 δὲ
1576 2976 1936 3060 φάλαγγες,
2179 2997 2290 3047 280

278 3080 627 3164 ἐλπόμενοι
669 3079 847 3165 παρὰ
888 3088 1099 3163 ναῦφι
1142 3079 1444 3144 ποδώκεα
1488 3084 1842 3162 Πηλεΐωνα

278 3185 618 3270 μηνιθμὸν
662 3181 784 3268 μὲν
828 3184 1219 3269 ἀπορρῖψαι,
1265 3187 1587 3268 φιλότητα
1632 3184 1695 3249 δ’
1740 3184 2031 3251 ἑλέσθαι·

276 3291 611 3374 πάπτηνεν
656 3287 732 3355 δὲ
775 3288 1074 3372 ἕκαστος,
1122 3290 1249 3374 ὅπῃ
1295 3290 1502 3373 φύγοι
1546 3290 1749 3355 αἰπὺν
1793 3294 2101 3377 ὄλεθρον.

365 3396 748 3481 Πάτροκλος
790 3391 867 3460 δὲ
909 3405 1164 3481 πρῶτος
1208 3394 1512 3460 ἀκόντισε
1557 3394 1752 3481 δουρὶ
1797 3405 2048 3484 φαεινῷ

278 3503 586 3588 ἀντικρὺς
627 3503 789 3568 κατὰ
833 3498 1109 3585 μέσσον,
1155 3501 1274 3567 ὅθι
1314 3506 1609 3566 πλεῖστοι
1650 3501 2047 3596 κλονέοντο,
2177 3520 2288 3571 285
