2525 3884
949 243 1252 296 ῙΑΙΑΛοΣ
1288 244 1404 299 xx
2054 240 2179 305 171

29 377 32 424 ἕ
151 385 314 472 ῥεῖα
362 380 514 471 μάλ’
557 387 646 462 ὥς
688 408 758 451 τε
803 387 992 468 θεός,
1039 384 1323 464 ἐκάλυψε
1370 380 1435 450 δ’
1476 381 1583 472 ἄρ’
1625 383 1770 472 ἠέρι
1814 390 2043 471 πολλῇ.

150 491 306 577 τρὶς
354 488 476 576 μὲν
520 488 715 557 ἔπειτ’
759 490 1083 576 ἐπόρουσε
1125 492 1463 577 ποδάρκης
1508 493 1651 568 δῖος
1689 486 2017 577 Ἀχιλλεὺς
2078 508 2183 558 445

150 601 352 683 ἔγχει·
387 601 701 685 χαλκείῳ,
747 594 891 682 τρὶς
935 594 997 663 δ’
1041 595 1205 681 ἠέρα
1248 598 1417 676 τύψε
1460 600 1762 681 βαθεῖαν.

149 701 308 769 ἀλλ’
358 704 464 770 ὅτε
511 704 593 787 δὴ
638 705 714 768 τὸ
757 701 1070 788 τέταρτον
1117 702 1436 769 ἐπέσσυτο
1484 704 1753 788 δαίμονι
1800 699 1975 787 ἶσος,

151 811 359 875 δεινὰ
403 806 466 874 δ’
509 808 880 894 ὁμοκλήσας
923 811 1080 874 ἔπεα
1123 812 1483 895 πτερόεντα
1525 809 1904 895 προσηύδα·

148 916 273 999 ,,ἐξ
327 910 413 982 αὖ
456 924 587 980 νῦν
640 917 881 999 ἔφυγες
923 914 1256 999 θάνατον,
1301 917 1498 983 κύον·
1539 911 1582 1000 ἦ
1627 914 1704 983 τέ
1742 940 1847 982 τοι
1891 918 2041 1000 ἄγχι

148 1018 336 1105 ἦλθε
360 1024 594 1087 κακόν·
629 1030 760 1086 νῦν
787 1016 948 1087 αὖτέ
971 1018 1034 1086 σ’
1071 1021 1350 1108 ἐρύσατο
1386 1026 1632 1107 Φοῖβος
1661 1019 2032 1108 Ἀπόλλων,
2077 1037 2183 1087 450

147 1120 206 1215 ᾧ
259 1126 528 1213 μέλλεις
571 1128 885 1211 εὔχεσθαι
931 1128 1053 1192 ἰὼν
1098 1126 1166 1204 ἐς
1211 1130 1465 1194 δοῦπον
1511 1129 1827 1194 ἀκόντων.

29 1289 30 1292 ¹
150 1229 196 1317 ἦ
249 1235 400 1317 θήν
446 1229 509 1298 σ’
553 1231 806 1311 ἐξανύω
850 1257 928 1317 γε
971 1232 1081 1300 καὶ
1125 1235 1407 1320 ὕστερον
1453 1233 1916 1319 ἀντιβολήσας,

29 1409 30 1420 ¹
153 1346 227 1406 εἴ
266 1340 406 1406 πού
451 1361 550 1416 τις
593 1336 703 1403 καὶ
748 1337 903 1425 ἐμοί
938 1363 1013 1422 γε
1057 1347 1242 1406 θεῶν
1287 1339 1727 1425 ἐπιτάρροθός
1771 1339 1970 1405 ἐστιν.

152 1455 298 1512 νῦν
344 1440 434 1511 αὖ
477 1446 636 1521 τοὺς
681 1446 923 1523 ἄλλους
967 1444 1366 1530 ἐπιείσομαι,
1414 1446 1494 1511 ὅν
1537 1469 1612 1511 κε
1654 1446 1944 1530 κιχείω.“

254 1547 349 1629 ὧς
377 1551 583 1617 εἰπὼν
601 1548 862 1632 Δρύοπ’
900 1546 1062 1617 οὖτα
1086 1546 1229 1617 κατ’
1255 1549 1500 1636 αὐχένα
1521 1549 1765 1636 μέσσον
1794 1553 2049 1616 ἄκοντι·
2081 1565 2185 1616 455

155 1658 365 1743 ἤριπε
413 1652 488 1722 δὲ
531 1657 950 1742 προπάροιθε
993 1659 1241 1723 ποδῶν.
1332 1657 1368 1723 6
1417 1654 1491 1723 δὲ
1534 1659 1653 1723 τὸν
1703 1654 1827 1744 μὲν
1871 1659 2096 1739 ἔασεν,

160 1770 538 1849 Δημοῦχον
584 1759 659 1828 δὲ
709 1765 1158 1848 Φιλητορίδην
1202 1762 1334 1847 ήύν
1375 1786 1447 1830 τε
1492 1762 1700 1848 μέγαν
1744 1786 1814 1830 τε

159 1871 293 1955 κάγ
340 1872 511 1953 γόνυ
557 1866 752 1955 δουρὶ
797 1870 1020 1951 βαλὼν
1064 1869 1367 1955 ἠρύκακε.
1457 1870 1577 1935 τὸν
1623 1866 1744 1955 μὲν
1790 1872 2010 1936 ἔπειτα

29 1991 30 2034 ῖ
163 1974 470 2053 οὐτάζων
517 1972 695 2059 ξίφει·
734 1974 994 2062 μεγάλω
1041 1972 1340 2053 ἐξαίνυτο
1386 1977 1641 2060 θυμόν·

163 2064 385 2165 αὐτὰρ
432 2077 470 2145 ὁ
516 2082 869 2163 Λαόγονον
913 2077 1024 2145 καὶ
1065 2081 1461 2165 Δάρδανον,
1505 2071 1612 2145 υἷε
1656 2082 1965 2161 Βίαντος,
2082 2093 2187 2144 460

164 2187 374 2271 ἄμφω
422 2182 831 2271 ἐφορμηθεὶς
875 2183 941 2264 ἐξ
986 2185 1205 2250 ἵππων
1250 2181 1382 2251 ὦσε
1425 2188 1692 2270 χαμᾶζε,

163 2294 291 2359 τὀν
339 2286 463 2376 μὲν
509 2289 706 2378 δουρὶ
748 2293 1005 2376 βαλών,
1047 2292 1167 2357 τὸν
1213 2286 1289 2356 δὲ
1334 2290 1575 2375 σχεδὸν
1617 2290 1769 2374 ἄορι
1811 2291 2041 2368 τύψας.

174 2403 379 2483 Τρῶα
424 2391 488 2463 δ’
533 2392 1004 2481 Ἀλαστορίδην
1034 2432 1115 2444 -
1144 2395 1182 2463 6
1223 2393 1348 2483 μὲν
1384 2395 1606 2472 ἀντίος
1638 2395 1853 2479 ἤλυθε
1887 2396 2187 2480 γούνων,

169 2511 241 2571 εἴ
278 2504 422 2581 πώς
466 2502 543 2569 εὖ
585 2503 933 2589 πεφίδοιτο
979 2503 1204 2586 λαβὼν
1247 2499 1358 2568 καὶ
1406 2502 1573 2580 ζωὸν
1618 2500 1815 2587 ἀφείη

170 2607 347 2695 μηδὲ
388 2612 865 2675 κατακτείνειεν
908 2608 1257 2694 ὁμηλικίην
1301 2608 1600 2693 ἐλεήσας,
2085 2622 2189 2673 465

169 2719 444 2801 νήπιος,
490 2711 647 2782 οὐδὲ
690 2715 767 2781 τὸ
812 2713 972 2801 ᾔδη,
1020 2714 1056 2780 ὃ
1096 2715 1178 2780 οὐ
1221 2718 1573 2781 πείσεσθαι
1619 2717 1915 2799 ἔμελλεν·
2012 2774 2015 2779 ,

173 2822 261 2888 οὗ
305 2822 432 2908 γάρ
476 2845 539 2887 τι
583 2821 1015 2905 γλυκύθυμος
1060 2820 1229 2905 ἀνὴρ
1274 2816 1359 2903 ἦν
1406 2818 1552 2885 οὐδ’
1602 2819 2037 2904 ἀγανόφρων,

172 2927 346 2993 ἀλλὰ
389 2925 538 3012 μάλ’
582 2927 941 3012 ἐμμεμαώς.
1034 2926 1070 2992 6
1117 2922 1239 3011 μὲν
1284 2926 1519 3010 ἥπτετο
1565 2924 1811 3010 χείρεσι
1854 2924 2121 3008 γούνων

177 3031 440 3118 ἱέμενος
481 3029 813 3115 λίσσεσθ’,
860 3031 896 3097 6
946 3028 1022 3097 δὲ
1066 3032 1388 3118 φασγάνῳ
1437 3026 1600 3097 οὖτα
1643 3026 1801 3095 καθ’
1845 3025 2045 3115 ἧπαρ·

178 3138 254 3205 ἐκ
291 3136 372 3204 δέ
402 3138 473 3204 os
502 3133 677 3223 ἧπαρ
714 3139 1019 3220 ὄλισθεν,
1059 3136 1221 3222 ἀτὰρ
1250 3135 1456 3220 μέλαν
1487 3131 1645 3219 αἷμα
1672 3132 1817 3200 κατ’
1845 3133 2052 3200 αὐτοῦ
2088 3150 2205 3200 470

180 3246 429 3310 κόλπον
474 3241 862 3327 ἐνέπλησεν·
903 3244 1024 3309 τὸν
1071 3238 1144 3308 δὲ
1190 3244 1425 3320 σκότος
1469 3243 1626 3307 ὄσσε
1670 3241 1964 3319 κάλυψεν

181 3354 409 3434 θυμοῦ
455 3351 838 3434 δευόμενον.
929 3348 965 3414 6
1015 3344 1087 3414 δὲ
1132 3348 1445 3413 Μούλιον
1492 3342 1655 3412 οὖτα
1698 3347 2033 3432 παραστὰς

187 3454 380 3542 δουρὶ
423 3453 567 3522 κατ’
611 3450 752 3534 οὖς·
800 3449 996 3540 εἶθαρ
1045 3450 1118 3520 δὲ
1165 3448 1253 3519 δι’
1296 3454 1534 3529 οὔατος
1577 3448 1734 3536 ἦλθ’
1779 3449 2027 3534 ἑτέροιο

189 3563 385 3650 αἰχμὴ
429 3564 712 3649 χαλκείη.
805 3560 839 3626 ὁ
888 3558 952 3626 δ’
998 3555 1354 3643 Ἀγήνορος
1396 3558 1549 3622 υἱὸν
1577 3556 1891 3640 Ἔχεκλον
