2525 3884
275 194 402 260 206
1072 195 1376 248 ιΜΑΔοΣ
1410 197 1478 251 x,

272 336 578 425 μάστιξέν
624 335 687 425 ῤ’
738 338 956 423 ἐλάαν,
999 339 1089 404 τὼ
1137 333 1201 404 δ’
1252 338 1376 403 οὐκ
1420 334 1685 403 ἀέκοντε
1730 335 2079 418 πετέσθην.
2179 349 2300 400 400

271 454 393 511 τοῦ
439 441 500 511 δ’
551 440 636 528 ἦν
683 443 1064 530 ἑλκομένοιο
1109 447 1490 527 κονίσαλος,
1537 441 1707 529 ἀμφὶ
1755 440 1829 508 δὲ
1872 453 2090 526 χαῖται

274 551 550 617 κυάνεαι
593 554 932 634 πίτναντο,
967 551 1134 636 κάρη
1182 544 1246 616 δ’
1297 550 1471 616 ἅπαν
1517 549 1591 615 ἐν
1634 552 1938 635 κονίῃσιν

170 725 185 747 ⁴·
272 669 448 723 κεῖτο
493 658 701 743 πάρος
743 661 999 744 χαρίεν·
1042 660 1189 723 τότε
1235 653 1310 723 δὲ
1354 659 1523 734 Ζεὺς
1567 653 2038 740 δυσμενέεσσιν

162 752 170 759 ’
275 765 488 829 δῶκεν
532 762 994 830 ἀεικίσσασθαι
1040 762 1114 849 ἑῇ
1159 763 1233 829 ἐν
1278 764 1544 850 πατρίδι
1588 765 1763 847 γαίῃ.

363 864 451 946 ὧς
494 878 615 936 τοῦ
658 866 780 954 μὲν
824 871 1119 935 κεκόνιτο
1154 870 1323 954 κάρη
1361 870 1561 935 ἅπαν·
1607 868 1650 953 ἡ
1689 865 1769 934 δέ
1797 890 1885 932 νυ
1921 867 2134 950 μήτηρ
2181 880 2296 929 4οῡ

272 979 452 1041 τίλλε
493 978 734 1061 κόμην,
781 975 908 1041 ἀπὸ
957 971 1032 1040 δὲ
1076 976 1363 1060 λιπαρὴν
1409 979 1638 1062 ἔρριψε
1681 973 2064 1059 καλύπτρην

271 1083 539 1165 τηλόσε,
582 1081 878 1146 κώκυσεν
925 1077 998 1146 δὲ
1043 1082 1216 1165 μάλα
1260 1079 1425 1166 μέγα
1468 1078 1656 1147 παῖδ’
1708 1081 2037 1147 ἐσιδοῦσα.

274 1184 543 1275 ᾤμωξεν
589 1181 652 1252 δ’
703 1186 954 1252 ἐλεεινὰ
997 1188 1210 1273 πατὴρ
1256 1191 1473 1271 φίλος,
1519 1184 1691 1272 ἀμφὶ
1736 1183 1812 1251 δὲ
1855 1181 2006 1250 λαοὶ

274 1300 543 1380 κωκυτῷ
589 1287 647 1356 τ’
699 1297 955 1376 εἴχοντο
1000 1289 1110 1357 καὶ
1157 1292 1410 1376 οἰμωγῇ
1453 1294 1618 1357 κατὰ
1662 1293 1850 1358 ἄστυ.

274 1406 365 1487 τῷ
414 1394 488 1464 δὲ
531 1393 786 1482 μάλιστ’
838 1392 945 1484 ἄρ’
995 1400 1114 1480 ἔην
1158 1397 1557 1481 ἐναλίγκιον,
1603 1398 1695 1474 ὡς
1730 1398 1793 1464 εἰ
1835 1397 2054 1462 ἅπασα
2179 1409 2295 1459 410

261 1502 464 1581 Ἴλιος
508 1503 889 1588 ὀφρυόεσσα
931 1500 1095 1589 πυρὶ
1139 1504 1454 1588 σμύχοιτο
1499 1498 1640 1569 κατ’
1691 1504 1911 1586 ἄκρης.

275 1608 427 1677 λαοὶ
471 1608 592 1694 μέν
637 1607 722 1693 ῥα
764 1606 1045 1692 γέροντα
1090 1608 1281 1691 μόγις
1326 1610 1480 1692 ἔχον
1518 1607 1944 1693 ἀσχαλόωντα

278 1716 573 1794 ἐξελθεῖν
618 1722 922 1798 μεμαῶτα
965 1713 1238 1778 πυλάων
1281 1714 1750 1800 Δαρδανιάων.

277 1824 526 1900 πάντας
562 1817 635 1887 δὲ
679 1819 980 1885 λιτάνευε
1023 1821 1500 1904 κυλινδόμενος
1541 1822 1704 1887 κατὰ
1747 1823 2031 1906 κόπρον,

278 1928 812 2014 ἐξονομακλήδην
857 1926 1197 2011 ὀνομάζων
1240 1928 1457 2014 ἄνδρα
1500 1927 1802 1993 ἕκαστον·
2184 1939 2298 1989 415

278 2036 587 2122 ,,σχέσθε,
633 2037 840 2119 φίλοι,
885 2035 1004 2099 καί
1041 2029 1109 2117 μ’
1163 2028 1311 2098 οἷον
1356 2034 1608 2117 ἐάσατε,
1653 2034 2017 2117 κηδόμενοί
2055 2051 2208 2117 περ,

278 2141 633 2220 ἐξελθόντα
678 2135 923 2225 πόληος
968 2135 1179 2206 ἱκέσθ’
1231 2138 1339 2207 ἐπὶ
1381 2149 1546 2226 νῆας
1586 2138 1891 2224 Ἀχαιῶν·

278 2245 553 2333 λίσσωμ’
605 2247 810 2334 ἀνέρα
852 2256 1092 2313 τοῦτον
1138 2247 1521 2327 ἀτάσθαλον
1568 2245 2041 2333 ὀβριμοεργόν,

277 2357 365 2440 ἤν
408 2378 547 2432 πως
588 2353 853 2438 ἡλικίην
897 2353 1271 2420 αἰδέσσεται
1311 2349 1420 2437 ἠδ’
1471 2354 1705 2439 ἐλεήσῃ

278 2470 503 2547 γῆρας.
548 2457 657 2525 καὶ
705 2457 784 2525 δέ
824 2484 909 2525 νυ
952 2467 1044 2548 τῷ
1088 2483 1166 2544 γε
1208 2460 1422 2545 πατὴρ
1469 2460 1730 2525 τοιόσδε
1773 2456 2102 2541 τέτυκται,
2185 2474 2325 2524 420·

280 2565 579 2651 Πηλεύς,
625 2563 700 2640 ὃς
743 2587 859 2648 μιν
903 2567 1108 2631 ἔτικτε
1151 2563 1261 2631 καὶ
1308 2568 1540 2651 ἔτρεφε
1582 2574 1763 2650 πῆμα
1807 2562 2125 2648 γενέσθαι

287 2673 539 2755 Τρωσί·
583 2668 861 2754 μάλιστα
908 2666 970 2735 δ’
1022 2670 1165 2755 ἐμοὶ
1209 2670 1364 2757 περὶ
1406 2671 1673 2736 πάντων
1718 2665 1898 2755 ἄλγε’
1949 2674 2224 2754 ἔθηκεν·

279 2780 561 2852 τόσσους
604 2775 730 2861 γάρ
777 2798 891 2860 μοι
934 2777 1172 2853 παῖδας
1215 2776 1535 2843 ἀπέκτανε
1578 2778 2043 2860 τηλεθάοντας.

280 2894 415 2949 τῶν
459 2882 727 2948 πάντων
774 2882 856 2949 οὐ
900 2885 1145 2948 τόσσον
1192 2883 1520 2969 ὀδύρομαι
1564 2884 1932 2969 ἀχνύμενός
1973 2906 2132 2970 περ,

282 2989 371 3066 ὡς
416 2987 583 3071 ἑνός,
630 2983 713 3055 οὗ
756 2984 827 3072 μ’
880 2990 1037 3073 ἄχος
1080 2988 1198 3070 ὀξὺ
1242 2995 1614 3057 κατοίσεται
1639 2990 1866 3067 ’Ἄιδος
1913 2996 2096 3073 εἴσω,
2187 3004 2295 3056 426

266 3092 603 3182 Ἕκτορος
651 3094 740 3171 ὡς
785 3097 1024 3180 ὄφελεν
1069 3094 1344 3183 θανέειν
1389 3098 1464 3164 ἐν
1505 3095 1732 3183 χερσὶν
1778 3098 2037 3184 ἐμῇσιν·

279 3208 372 3290 τῷ
418 3223 491 3267 κε
534 3201 993 3287 κορεσσάμεθα
1037 3201 1344 3270 κλαίοντέ
1382 3226 1454 3269 τε
1498 3202 1848 3291 μυρομένω
1893 3227 1993 3287 τε,

283 3311 494 3396 μήτηρ
547 3304 654 3390 θ’,
699 3307 742 3392 ἦ
795 3331 911 3393 μιν
956 3310 1160 3374 ἔτικτε
1206 3309 1662 3395 δυσάμμορος,
1708 3307 1813 3393 ηδ’
1859 3309 1987 3393 ἐγὼ
2034 3308 2297 3386 αὐτός.“
2431 3330 2450 3373 ·.

375 3412 463 3494 ὧς
506 3418 710 3499 ἔφατο
755 3418 1026 3498 κλαίων,
1073 3412 1179 3481 ἐπὶ
1226 3412 1301 3481 δὲ
1346 3417 1742 3501 στενάχοντο
1787 3422 2065 3483 πολῖται.

294 3528 597 3611 Τρωῇσιν
643 3516 706 3587 δ’
747 3517 986 3604 Ἑκάβη
1033 3520 1272 3587 ἁδινοῦ
1318 3520 1545 3608 ἐξῆρχε
1588 3525 1804 3606 γόοιο·
2191 3540 2298 3590 430
