2525 3884
343 183 471 248 126
1133 186 1434 238 nfflmoz:
1470 186 1535 240 Σ.

337 337 476 405 τοῖς
519 329 770 412 ἄλλοις,
818 331 890 394 οἳ
928 328 1011 411 δὴ
1055 325 1285 405 πολέες
1329 328 1537 412 δάμεν
1565 325 1830 411 Ἕκτορι
1873 328 2027 414 δίῳ,

339 429 481 497 ἀλλ’
523 427 684 517 ἧμαι
726 433 904 518 παρὰ
945 431 1186 516 νηυσὶν
1229 432 1504 499 ἐτώσιον
1549 434 1759 518 ἄχθος
1802 432 2120 518 ἀρούρης,

335 549 515 616 τοῖος
559 537 716 622 ἐών,
764 530 905 616 οἶος
947 539 1030 604 οὔ
1073 561 1172 615 τις
1209 533 1486 622 Ἀχαιῶν
1529 540 2061 623 χαλκοχιτώνων,
2243 554 2361 607 105

339 643 413 710 έν
455 642 749 734 πολέμῳ,
795 644 1003 730 ἀγορῇ
1048 642 1128 709 δέ
1164 641 1225 709 τ’
1268 643 1609 729 ἀμείνονές
1653 646 1783 710 εἰσι
1824 641 1936 710 καὶ
1978 646 2187 710 ἄλλοι.

338 748 428 827 ὡς
472 752 609 837 ἔρις
653 752 725 816 ἔκ
766 773 838 816 τε
882 757 1064 815 θεῶν
1108 751 1181 815 ἔκ
1221 744 1282 814 τ’
1323 749 1702 836 ἀνθρώπων
1746 749 2087 833 ἀπόλοιτο,

337 852 450 921 καὶ
492 858 721 940 χόλος,
765 857 840 932 ὅς
881 850 941 920 τ’
983 852 1218 940 ἐφέηκε
1259 855 1654 942 πολύφρονά
1696 876 1819 942 περ
1862 859 2261 940 χαλεπῆναι,

337 960 410 1038 ὅς
452 983 525 1027 τε
567 963 739 1026 πολὺ
781 963 1072 1044 γλυκίων
1115 959 1375 1046 μέλιτος
1418 961 1992 1046 καταλειβομένοιο

336 1064 604 1151 ἀνδρῶν
649 1064 722 1131 ἐν
768 1068 1128 1149 στήθεσσιν
1171 1063 1423 1145 ἀέξεται
1464 1066 1621 1150 ἠύτε
1663 1069 1912 1143 καπνός
1925 1086 1942 1103 ·
2243 1082 2359 1134 uo
2477 1152 2478 1157 ἵ

335 1170 425 1248 ὡς
469 1167 581 1255 ἐμὲ
623 1180 754 1237 νῦν
799 1171 1120 1257 ἐχόλωσεν
1162 1171 1327 1251 ἅναξ
1373 1171 1640 1259 ἀνδρῶν
1678 1170 2117 1258 Ἀγαμέμνων.

336 1276 502 1342 ἀλλὰ
542 1278 625 1343 τὰ
668 1273 790 1362 μὲν
833 1279 1280 1363 προτετύχθαι
1324 1278 1605 1364 ἐάσομεν
1649 1278 2015 1364 ἀχνύμενοί
2049 1299 2206 1364 περ,

333 1384 559 1467 θυμὸν
604 1381 707 1450 ένὶ
750 1385 1069 1467 στήθεσσι
1113 1388 1316 1468 φίλον
1363 1385 1771 1469 δαμάσαντες
1814 1383 2064 1470 ἀνάγκη
2078 1402 2092 1416 ·

334 1497 464 1553 νῦν
510 1484 574 1554 δ’
618 1484 770 1575 εἶμ’,
817 1492 997 1576 ὄφρα
1041 1494 1238 1574 φίλης
1280 1495 1570 1574 κεφαλῆς
1613 1491 1890 1576 ὀλετῆρα
1930 1491 2152 1573 κιχείω

322 1591 628 1680 Ἕκτορα·
672 1605 841 1681 κῆρα
889 1591 951 1660 δ’
993 1594 1121 1678 ἐγὼ
1163 1597 1314 1661 τότε
1350 1594 1647 1681 δέξομαι,
1694 1595 1936 1662 ὁππότε
1967 1618 2084 1660 κεν
2118 1595 2206 1678 δὴ
2242 1610 2350 1661 11⁶
2481 1590 2482 1595 ’

337 1701 506 1777 Ζεὺς
547 1698 746 1784 ἐθέλῃ
780 1698 1037 1766 τελέσαι
1079 1696 1187 1783 ἠδ’
1229 1700 1559 1767 ἀθάνατοι
1599 1699 1753 1767 θεοὶ
1797 1702 2004 1767 ἄλλοι.

336 1801 495 1869 οὐδὲ
539 1805 667 1889 γὰρ
715 1801 875 1870 οὐδὲ
920 1807 1030 1888 βίη
1068 1802 1438 1890 (Ηρακλῆος
1481 1807 1655 1890 φύγε
1696 1815 1894 1893 κῆρα,

336 1910 409 1987 ὅς
452 1931 573 1996 περ
619 1913 932 1994 φίλτατος
976 1911 1123 1975 ἔσκε
1166 1907 1288 1976 Διὶ
1330 1914 1674 1998 Κρονίωνι
1717 1912 1976 1993 ἄνακτι,

335 2016 502 2082 ἀλλά
546 2014 581 2082 ἕ
621 2009 799 2101 μοῖρ’
844 2014 1169 2100 ἐδάμασσε
1211 2013 1324 2081 καὶ
1368 2016 1687 2102 ἀργαλέος
1728 2019 1925 2101 χόλος
1950 2014 2192 2102 Ἥρης·

288 2155 293 2160 ·
338 2116 426 2198 ὧς
468 2118 579 2187 καὶ
622 2120 824 2205 ἐγών,
871 2122 934 2186 εί
975 2121 1061 2204 δή
1104 2145 1217 2207 μοι
1261 2121 1456 2207 ὁμοίη
1502 2132 1702 2207 μοῖρα
1741 2121 2068 2204 τέτυκται,
2240 2138 2348 2189 120

334 2227 615 2313 κείσομ’,
660 2226 806 2292 ἐπεί
842 2250 915 2293 κε
958 2227 1180 2293 θάνω·
1239 2236 1370 2293 νῦν
1415 2223 1491 2293 δὲ
1532 2224 1721 2304 κλέος
1765 2227 2010 2293 ἐσθλὸν
2053 2226 2348 2314 ἀροίμην

335 2335 453 2397 καί
490 2354 641 2398 τινα
691 2333 1053 2417 Τρωιάδων
1095 2331 1207 2400 καὶ
1248 2333 1698 2419 Δαρδανίδων
1743 2335 2190 2417 βαθυκόλπων

337 2436 790 2523 ἀμφοτέρῃσιν
835 2437 1020 2524 χερσὶ
1060 2440 1398 2526 παρειάων
1442 2437 1755 2505 ἁπαλάων

338 2540 570 2629 δάκρυ’
613 2543 1068 2629 ὀμορξαμένην
1111 2544 1348 2611 ἁδινὸν
1392 2554 1790 2629 στοναχῆσαι
1833 2545 2090 2629 ἐφείην·

335 2658 562 2732 γνοῖεν
607 2644 696 2732 δ’,
743 2648 832 2727 ὡς
875 2649 958 2733 δὴ
1005 2652 1214 2738 δηρὸν
1258 2651 1389 2735 ἐγὼ
1432 2649 1746 2735 πολέμοιο
1789 2648 2137 2737 πέπαυμαι.
2240 2663 2343 2716 125

336 2751 509 2839 μηδέ
550 2751 618 2839 μ’
661 2755 852 2840 ἔρυκε
897 2754 1106 2839 μάχης
1149 2753 1474 2839 φιλέουσά
1515 2773 1665 2839 περ·
1712 2752 1875 2821 οὐδέ
1912 2777 1991 2840 με
2028 2753 2345 2833 πείσεις.“

423 2859 542 2926 τὸν
589 2856 652 2925 δ’
692 2856 980 2944 ἠμείβετ’
1023 2861 1244 2926 ἔπειτα
1286 2859 1445 2943 θεά,
1495 2859 1684 2939 Θέτις
1726 2860 2164 2948 ἀργυρόπεζα·

336 2963 495 3049 ,,ναὶ
540 2966 624 3049 δὴ
669 2966 874 3032 ταῦτά
914 2989 1022 3050 γε,
1064 2962 1329 3049 τέκνον,
1377 2965 1684 3052 ἐτήτυμα·
1741 2963 1825 3033 οὗ
1865 2967 2073 3032 κακόν
2116 2965 2300 3033 ἐστιν

336 3071 741 3159 τειρομένοις
785 3070 1119 3158 ἑτάροισιν
1162 3068 1495 3156 ἀμυνέμεν
1540 3073 1742 3139 αἰπὺν
1787 3074 2105 3158 ὄλεθρον·

337 3177 503 3244 ἀλλά
545 3199 651 3243 τοι
694 3179 882 3243 ἔντεα
923 3178 1090 3242 καλὰ
1132 3178 1294 3263 μετὰ
1345 3178 1683 3264 Τρώεσσιν
1726 3179 2015 3264 ἔχονται,
2242 3190 2345 3243 130

337 3283 576 3368 χάλκεα
622 3283 1103 3369 μαρμαίροντα·
1146 3283 1228 3348 τὰ
1272 3278 1396 3367 μὲν
1429 3284 1874 3369 κορυθαίολος
1898 3279 2156 3369 Ἕκτωρ
2201 3286 2210 3294 ‘
2301 3284 2344 3341 '-
2445 3334 2450 3339 .

338 3387 536 3466 αὐτὸς
579 3390 742 3473 ἔχων
789 3389 1065 3474 ὤμοισιν
1110 3388 1489 3472 ἀγάλλεται·
1534 3385 1699 3454 οὐδέ
1737 3386 1778 3454 ἕ
1814 3410 1985 3473 φημι

339 3493 548 3581 δηρὸν
594 3492 1120 3578 ἐπαγλαϊεῖσθαι,
1167 3488 1307 3558 ἐπεὶ
1351 3494 1560 3578 φόνος
1604 3492 1889 3578 ἐγγύθεν
1933 3491 2133 3582 αὐτῷ.
