2525 3884
955 195 1258 248 1A1AA02
1294 197 1468 250 xm
2090 197 2224 266 205

200 331 616 421 αἱματόεντ’·
663 338 854 404 ἄλλοι
897 333 974 403 δὲ
1016 339 1428 424 περίδραμον
1471 332 1612 417 υἷες
1651 335 1958 426 Ἀχαιῶν,

202 446 279 508 οἳ
317 440 430 508 καὶ
472 444 816 527 θηήσαντο
861 445 1047 529 φυὴν
1087 441 1200 510 καὶ
1244 439 1424 522 εἶδος
1467 443 1714 529 ἀγητὸν
2119 464 2225 515 370

183 547 535 636 ’Έκτορος
580 546 728 615 οὐδ’
781 551 910 632 ἄρα
954 551 1026 615 οἳ
1061 573 1162 627 τις
1204 550 1528 634 ἀνουτητί
1564 575 1642 635 γε
1683 552 1991 638 παρέστη.

201 651 342 721 ὧδε
388 651 468 721 δέ
505 678 604 733 τις
648 662 945 722 εἴπεσκεν
991 657 1154 723 ἰδὼν
1199 656 1269 734 ἐς
1310 660 1596 741 πλησίον
1640 658 1874 724 ἄλλον·

202 762 309 845 ,,ὢ
355 763 576 845 πόποι,
619 758 664 846 ἦ
709 761 882 846 μάλα
970 764 1053 847 δὴ
1099 764 1557 850 μαλακώτερος
1600 763 2092 850 ἀμφαφάασθαι

184 867 451 953 Ἕκτωρ
493 867 536 952 ἣ
582 867 691 934 ὅτε
733 877 898 953 νῆας
941 868 1301 953 ἐνέπρησεν
1343 867 1507 956 πυρὶ
1548 869 1827 960 κηλέφ.“

300 968 392 1051 ὥς
433 975 561 1061 ἄρα
602 996 704 1052 τις
748 981 1003 1041 εἴπεσκε
1045 973 1154 1041 καὶ
1200 975 1564 1060 οὐτήσασκε
1607 977 1963 1064 παραστάς.
2123 993 2227 1043 375

202 1082 331 1148 τὸν
375 1077 437 1147 δ’
491 1077 629 1147 ἐπεὶ
674 1079 995 1168 ἐξενάριξε
1038 1081 1374 1167 ποδάρκης
1419 1084 1563 1160 δῖος
1601 1080 1968 1169 Ἀχιλλεύς,

205 1187 372 1264 στὰς
415 1186 490 1253 ἐν
536 1183 894 1272 Ἀχαιοῖσιν
940 1191 1096 1254 ἔπεα
1138 1183 1473 1274 πτερόεντ’
1524 1189 1874 1276 ἀγόρευεν·

206 1290 313 1378 ,,ὦ
361 1297 566 1378 φίλοι,
606 1289 919 1379 Ἀργείων
961 1294 1282 1381 ἡγήτορες
1322 1291 1444 1377 ἠδὲ
1487 1294 1828 1379 μέδοντες,

209 1397 356 1466 ἐπεὶ
401 1400 483 1484 δὴ
527 1397 713 1466 τόνδ’
766 1401 980 1486 ἄνδρα
1021 1397 1176 1467 θεοὶ
1221 1399 1651 1485 δαμάσασθαι
1694 1402 1980 1485 ἔδωκαν,

83 1508 90 1517 ’
211 1506 291 1584 ὃς
325 1507 489 1572 κακὰ
522 1502 714 1573 πόλλ’
749 1506 1044 1593 ἔρρεξεν,
1091 1503 1191 1572 ὅσ’
1227 1507 1311 1572 οὐ
1346 1507 1718 1593 σύμπαντες
1764 1508 1836 1572 οἰ
1873 1508 2093 1591 ἄλλοι,
2123 1524 2227 1575 380

212 1615 278 1679 εἰ
322 1609 383 1679 δ’
432 1609 608 1709 ἄγετ’
659 1611 830 1698 ἀμφὶ
871 1605 1068 1679 πόλιν
1106 1615 1232 1678 σὺν
1276 1614 1535 1699 τεύχεσι
1577 1621 2032 1699 πειρηθῶμεν,

211 1721 397 1806 ὄφρα
437 1715 499 1785 κ’
550 1722 647 1785 ἔτι
688 1729 952 1806 γνῶμεν
1004 1720 1252 1803 Τρώων
1296 1722 1482 1804 νόον,
1529 1721 1610 1786 ὅν
1652 1717 1780 1787 τιν’
1835 1724 2132 1806 ἔχουσιν,

211 1826 256 1911 ἢ
298 1828 807 1906 καταλείψουσιν
848 1827 1046 1891 πόλιν
1090 1824 1303 1910 ἄκρην
1371 1827 1571 1893 τοῦδε
1615 1830 1964 1910 πεσόντος,

211 1928 296 2016 ἦε
338 1932 564 2017 μένειν
606 1931 889 2019 μεμάασι
932 1929 1044 1997 καὶ
1073 1930 1388 2018 Ἕκτορος
1433 1928 1654 1998 οὐκέτ’
1706 1933 1949 2010 ἐόντος.

212 2039 384 2105 ἀλλὰ
423 2043 497 2104 τί
531 2033 576 2122 ἦ
621 2062 737 2124 μοι
777 2041 984 2103 ταῦτα
1030 2041 1225 2122 φίλος
1271 2037 1603 2119 διελέξατο
1649 2040 1903 2122 θυμός,
2127 2054 2230 2104 385

211 2155 425 2212 κεῖται
465 2145 597 2230 πὰρ
641 2147 873 2229 νήεσσι
905 2143 1101 2222 νέκυς
1143 2145 1466 2221 ἄκλαυτος
1510 2145 1811 2219 ἄθαπτος
2122 2142 2134 2149 ’

215 2251 626 2339 Πάτροκλος·
669 2259 792 2318 τοῦ
838 2247 899 2317 δ’
951 2250 1074 2316 οὐκ
1118 2250 1529 2334 ἐπιλήσομαι,
1575 2243 1734 2335 ὄφρ’
1783 2247 1867 2314 ἂν
1913 2249 2039 2334 ἐγώ
2085 2274 2161 2334 γε

215 2363 484 2439 ζωοῖσιν
527 2356 730 2444 μετέω
775 2361 892 2422 καί
930 2380 1044 2442 μοι
1087 2360 1251 2441 φίλα
1295 2351 1567 2439 γούνατ’
1620 2356 1859 2442 ὀρώρῃ.

214 2466 282 2530 εἰ
325 2461 399 2530 δὲ
441 2465 795 2529 θανόντων
838 2484 962 2548 περ
1006 2457 1448 2545 καταλήθοντ’
1502 2463 1604 2527 εἰν
1644 2456 1895 2545 Ἀίδαο,

216 2568 425 2655 αὐτὰρ
473 2568 601 2652 ἐγὼ
644 2566 754 2634 καὶ
796 2575 977 2634 κεῖθι
1021 2570 1225 2652 φίλου
1270 2564 1636 2653 μεμνήσομ’
1691 2566 1975 2654 ἑταίρου.
2126 2586 2233 2636 390

217 2683 348 2741 νῦν
384 2671 446 2740 δ’
497 2670 603 2759 ἄγ’
654 2674 986 2752 ἀείδοντες
1029 2676 1346 2758 παιήονα,
1382 2683 1619 2760 κοῦροι
1659 2669 1967 2760 Ἀχαιῶν,

216 2779 461 2865 νηυσὶν
506 2783 614 2848 ἔπι
654 2786 1033 2868 γλαφυρῇσι
1076 2781 1408 2866 νεώμεθα,
1453 2783 1649 2847 τόνδε
1695 2777 1756 2846 δ’
1802 2781 2089 2866 ἄγωμεν.

216 2887 523 2975 ἠράμεθα
566 2886 732 2973 μέγα
775 2889 1005 2964 κῦδος·
1048 2885 1422 2972 ἐπέφνομεν
1451 2885 1734 2977 Ἕκτορα
1781 2887 1961 2970 δῖον,

218 2985 272 3079 ᾦ
327 2999 547 3081 Τρῶες
589 2996 752 3060 κατὰ
795 2995 961 3059 ἄστυ
1005 2998 1146 3081 θεῷ
1194 2991 1283 3070 ὣς
1328 2993 1797 3078 εὐχετόωντο.“

305 3096 349 3185 ἦ
394 3100 479 3187 ῥα
523 3098 633 3166 καὶ
661 3098 942 3186 Ἕκτορα
989 3100 1138 3164 δῖον
1183 3096 1405 3164 ἀεικέα
1449 3098 1693 3181 μήδετο
1740 3100 1915 3183 ἔργα.
2128 3116 2231 3167 895

220 3204 612 3293 ἀμφοτέρων
657 3208 1015 3292 μετόπισθε
1059 3205 1290 3270 ποδῶν
1332 3201 1607 3289 τέτρηνε
1649 3202 1917 3270 τένοντε

98 3358 107 3381 .
217 3311 289 3389 ἐς
333 3314 597 3399 σφυρὸν
642 3312 712 3378 ἐκ
753 3309 1068 3395 πτέρνης,
1114 3309 1354 3395 βοέους
1400 3306 1461 3374 δ’
1515 3308 1784 3393 ἐξῆπτεν
1830 3311 2128 3398 ἱμάντας,

210 3418 293 3485 ἐκ
338 3420 609 3504 δίφροιο
656 3413 720 3483 δ’
772 3419 987 3501 ἔδησε,
1031 3417 1199 3501 κάρη
1247 3411 1312 3481 δ’
1362 3414 1674 3482 ἕλκεσθαι
1720 3418 1942 3481 ἔασεν·

219 3523 289 3602 ἐς
333 3525 582 3610 δίφρον
627 3519 694 3589 δ’
745 3522 995 3606 ἀναβὰς
1039 3521 1166 3587 ἀνά
1208 3544 1281 3587 τε
1327 3521 1533 3586 κλυτὰ
1575 3514 1785 3602 τεύχε’
1837 3519 2061 3602 ἀείρας
