2525 3884
26 1782 31 1877 ¹

990 200 1292 251 ΙΛΙΔΔΟΣ
1327 201 1471 253 XVI.
2132 198 2216 262 81
2267 224 2270 227 ·

224 338 328 404 ἐκ
362 333 417 404 δ’
451 339 787 426 ἐτίναχθεν
833 341 1128 424 ὀδόντες,
1175 340 1587 426 ἐνέπλησθεν
1634 340 1715 408 δέ
1755 342 1827 408 οἰ
1865 344 2061 428 ἄμφω

223 444 496 528 αἳματος
534 446 903 531 ὀφθαλμοί·
945 448 1022 512 τὸ
1066 442 1128 513 δ’
1171 447 1299 512 ἀνά
1342 449 1551 532 στόμα
1595 446 1703 513 καὶ
1746 449 1910 514 κατὰ
1953 447 2143 533 ῥῖνας

218 559 435 637 πρῆσε
452 554 694 636 χανών·
731 552 1034 618 θανάτου
1059 549 1132 618 δὲ
1146 552 1354 638 μέλαν
1373 551 1578 638 νέφος
1595 553 2082 639 ἀμφεκάλυψεν.
2118 568 2221 621 360

326 651 493 722 οὗτοι
534 655 636 743 ἄρ’
679 657 997 742 ἡγεμόνες
1038 663 1331 724 Δαναῶν
1376 658 1531 724 ἕλον
1575 660 1787 745 ἄνδρα
1832 658 2117 737 ἕκαστος.

220 763 322 838 ὡς
362 759 431 829 δὲ
470 765 659 829 λύκοι
704 765 1018 849 ἄρνεσσιν
1062 764 1382 850 ἐπέχραον
1425 764 1468 849 ἢ
1516 765 1849 851 ἐρίφοισιν

220 872 462 953 σίνται,
507 866 673 935 ὑπὲκ
717 872 944 954 μήλων
988 869 1399 955 αἱρεύμενοι,
1445 871 1522 936 αἵ
1557 869 1617 936 τ’
1660 870 1735 937 ἐν
1778 872 2047 956 ὄρεσσιν

214 973 524 1060 ποιμένος
567 975 935 1061 ἀφραδίῃσι
978 974 1352 1060 διέτμαγεν·
1400 976 1472 1042 οἰ
1511 973 1586 1043 δὲ
1633 979 1887 1054 ἰδόντες

216 1075 385 1160 αἶψα
425 1081 896 1167 διαρπάζουσιν
939 1079 1257 1146 ἀνάλκιδα
1301 1083 1529 1167 θυμὸν
1573 1081 1877 1168 ἐχούσας·
2115 1098 2215 1149 365

216 1180 310 1264 ὧς
348 1185 608 1252 Δαναοὶ
660 1188 998 1273 Τρώεσσιν
1043 1186 1387 1272 ἐπέχραον·
1433 1188 1506 1252 οἰ
1532 1185 1620 1254 ,δὲ
1661 1190 1902 1272 φόβοιο

216 1293 626 1361 δυσκελάδου
670 1296 1037 1387 μνήσαντο,
1084 1294 1377 1358 λάθοντο
1425 1290 1501 1358 δὲ
1543 1294 1869 1379 θούριδος
1912 1292 2128 1378 ἀλκῆς.

300 1405 471 1477 Αἶας
515 1397 576 1464 δ’
621 1398 659 1465 ὁ
704 1399 904 1484 μέγας
947 1395 1093 1465 αἰὲν
1137 1393 1246 1484 ἐφ’
1280 1397 1545 1485 “Enopa
1587 1404 2078 1486 χαλκοκορυστῇ

214 1500 333 1573 ἵετ’
372 1505 779 1573 ἀκοντίσσαι·
824 1504 862 1572 ὁ
908 1502 982 1572 δὲ
1028 1506 1240 1592 ἰδρείῃ
1287 1503 1629 1590 πολέμοιο,

210 1611 444 1678 ἀσπίδι
482 1613 753 1696 ταυρείῃ
798 1610 1283 1695 κεκαλυμμένος
1327 1608 1557 1697 εὐρέας
1600 1611 1849 1696 ὤμους,
2112 1628 2217 1679 860

142 1768 175 1779 ..
209 1713 503 1785 σκέπτετ’
547 1717 787 1783 ὀιστῶν
830 1738 901 1782 τε
946 1715 1169 1801 ῥοῖζον
1212 1714 1322 1781 καὶ
1371 1718 1625 1783 δοῦπον
1670 1717 1985 1784 ἀκόντων.

204 1819 250 1909 ἦ
299 1821 424 1909 μὲν
469 1823 551 1907 δὴ
594 1825 918 1906 γίγνωσκε
961 1822 1170 1907 μάχης
1215 1821 1559 1908 ἑτεραλκέα
1601 1827 1820 1908 νίκην·

203 1931 381 1996 ἀλλὰ
422 1927 553 1994 καὶ.
576 1923 665 2004 ὧς
709 1925 1050 2012 ἀνέμιμνε,
1097 1929 1234 1993 σάω
1282 1923 1345 1992 δ’
1388 1928 1654 2015 ἐρίηρας
1698 1928 2014 2015 ἑταίρους.

305 2036 394 2112 ὡς
431 2032 491 2098 δ’
527 2031 621 2099 ὅτ’
656 2027 766 2100 ἀπ’
802 2033 1165 2119 Οὐλύμπου
1201 2033 1407 2118 νέφος
1442 2037 1695 2120 ἔρχεται
1734 2034 2025 2119 οὐρανὸν
2061 2040 2214 2100 εἴσω

203 2138 487 2227 αἰθέρος
531 2139 604 2205 ἐκ
646 2141 820 2223 δίης,
867 2139 975 2205 ὅτε
1018 2161 1090 2204 τε
1135 2142 1302 2217 Ζεὺς
1347 2142 1631 2205 λαίλαπα
1674 2142 1886 2225 τείνῃ,
2111 2157 2213 2208 865

204 2245 306 2325 ὧς
347 2256 482 2311 τῶν
526 2244 599 2311 ἐκ
639 2255 823 2328 νηῶν
865 2242 1091 2327 γένετο
1140 2246 1288 2329 ἰαχή
1316 2267 1403 2322 ,τε
1449 2246 1661 2329 φόβος
1702 2267 1802 2328 τε,

206 2347 379 2421 οὐδὲ
419 2352 581 2417 κατὰ
623 2360 865 2436 μοῖραν
907 2348 1156 2436 πέραον
1199 2351 1417 2415 πάλιν.
1492 2347 1772 2435 ’Ἐκτορα
1818 2347 1879 2416 δ’
1932 2351 2119 2416 ἵπποι

26 2430 27 2439 ¹
109 2461 114 2464 ’
209 2462 501 2543 ἔκφερον
546 2456 883 2531 ὠκύποδες
925 2458 1054 2521 σὺν
1096 2456 1383 2541 τεύχεσι,
1428 2461 1607 2521 λεῖπε
1654 2452 1728 2521 δὲ
1773 2458 1936 2523 λαὸν

218 2565 551 2650 Τρωικόν,
597 2561 716 2638 οὓς
757 2559 1069 2638 ἀέκοντας
1113 2561 1355 2646 ὀρυκτὴ
1405 2562 1657 2649 τάφρος
1702 2566 1951 2648 ἔρυκεν.

212 2667 453 2737 πολλοὶ
498 2666 558 2733 δ’
600 2667 674 2733 ἐν
715 2667 945 2754 τάφρῳ
993 2667 1433 2753 ἐρυσάρματες
1479 2668 1674 2745 ὠκέες
1717 2669 1903 2733 ἵπποι
2111 2685 2221 2734 370

216 2768 440 2854 ἄξαντ’
481 2773 555 2840 ἐν
598 2774 834 2861 πρώτῳ
880 2772 1068 2861 ῥυμῷ
1114 2776 1310 2839 λίπον
1354 2770 1588 2859 ἅρματ’
1629 2775 1950 2840 ἀνάκτων.

220 2881 604 2966 Πάτροκλος
649 2873 711 2943 δ’
754 2878 940 2944 ἕπετο
987 2880 1325 2966 σφεδανὸν
1369 2885 1703 2945 Δαναοῖσι
1745 2880 2063 2963 κελεύων,

229 2984 446 3071 Τρωσὶ
489 2986 655 3050 κακὰ
698 2983 1029 3070 φρονέων·
1075 2984 1147 3050 οἱ
1186 2982 1260 3050 δὲ
1308 2988 1455 3070 ἰαχῇ
1498 3007 1569 3050 τε
1614 2987 1802 3072 φόβφ
1847 3007 1917 3050 τε

220 3093 431 3168 πάσας
472 3097 730 3175 πλῆσαν
774 3090 1003 3173 ὁδούς,
1051 3088 1189 3155 ἐπεὶ
1235 3089 1318 3176 ἂρ
1362 3091 1634 3174 τμάγεν·
1680 3091 1802 3168 ὕψι
1847 3088 1909 3157 δ’
1954 3092 2152 3157 ἄελλα

224 3194 529 3264 σκίδναθ’
570 3197 698 3262 ὑπὸ
743 3195 1032 3281 νεφέων,
1078 3197 1402 3261 τανύοντο
1451 3193 1525 3261 δὲ
1561 3198 1857 3282 μώνυχες
1892 3198 2080 3263 ’ἵπποι
2110 3212 2218 3262 3⁷5

225 3307 519 3388 ἄψορρον
563 3300 758 3388 προτὶ
802 3303 965 3367 ἄστυ
1008 3312 1181 3367 νεῶν
1226 3302 1353 3365 ἀπο
1396 3298 1507 3365 καὶ
1551 3303 1885 3367 κλισιάων.

226 3410 604 3495 Πάτροκλος
650 3401 738 3492 δ’,
782 3398 826 3493 ᾗ
870 3413 1178 3474 πλεῖστον
1223 3407 1617 3492 ὀρινόμενον
1663 3408 1763 3472 ἴδε
1808 3411 2003 3489 λαόν,

223 3525 300 3603 τῇ
344 3508 407 3601 ῤ’
448 3512 538 3601 ἔχ’
583 3513 975 3598 ὁμοκλήσας·
1019 3512 1149 3578 ὑπὸ
1197 3509 1258 3577 δ’
1303 3511 1488 3590 ἄξοσι
1535 3521 1746 3595 φῶτες
1791 3514 2062 3608 ἔπιπτον

195 3663 201 3672 .
326 3631 524 3670 Eoum
549 3629 699 3668 Inus.
725 3627 787 3666 11.
1869 3618 1900 3663 6
