2525 3884
965 191 1266 244 1A1AA02
1303 193 1473 245 xvn.
2093 188 2216 254 109

197 323 347 394 ἔνθ’
390 326 548 396 αὖτ’
589 334 863 410 Αἰνείας
906 335 1313 417 Λειώκριτον
1361 334 1599 399 οὔτασε
1645 336 1867 419 δουρί,

194 436 347 502 υἱὸν
391 431 857 522 Ἀρίσβαντος,
903 440 1334 523 Λυκομήδεος
1379 439 1626 505 ἐσθλὸν
1671 438 1951 524 ἑταῖρον.
2113 455 2216 505 345

192 542 311 605 τὸν
359 540 442 607 δὲ
490 542 758 610 πεσόντ’
803 542 1069 626 ἐλέησεν
1114 544 1467 629 ἀρηίφιλος
1508 546 1934 629 Λυκομήδης,

140 661 145 665 ’
192 656 313 730 στῆ
364 645 447 714 δὲ
497 648 648 734 μάλ’
701 649 896 734 ἐγγὺς
942 651 1063 716 ἰὼν
1107 648 1218 716 καὶ
1261 650 1564 716 ἀκόντισε
1610 649 1805 734 δουρὶ
1848 658 2129 738 φαεινῷ,

191 751 303 816 καὶ
349 754 567 837 βάλεν
605 753 995 840 Ἱππασίδην
1033 751 1389 822 Ἀπισάονα
1432 754 1712 840 ποιμένα
1758 760 1937 821 λαῶν

191 852 374 944 ἧπαρ
424 861 561 926 ὑπὸ
609 861 987 946 πραπίδων,
1035 855 1230 946 εἶθαρ
1278 858 1340 926 δ’
1381 860 1513 927 ὑπὸ
1558 855 1827 945 γούνατ’
1867 864 2128 944 ἔλυσεν,

194 963 267 1039 ὃς
315 961 382 1050 ῤ’
432 965 511 1031 ἐκ
557 971 883 1051 Παιονίης
929 967 1326 1051 ἐριβώλακος
1372 968 1818 1050 εἰληλούθειν,
2111 981 2216 1032 350

190 1068 306 1134 καὶ
356 1069 453 1137 δὲ
486 1071 627 1156 μετ’
664 1070 1126 1155 Ἀστεροπαῖον
1171 1071 1587 1156 ἀριστεύεσκε
1631 1073 1972 1157 μάχεσθαι.

194 1177 317 1241 τὸν
366 1176 451 1243 δὲ·
496 1176 758 1243 πεσόντ’
802 1176 1070 1262 ἐλέησεν
1115 1178 1344 1263 ἀρήιος
1382 1175 1866 1263 Ἀστεροπαῖος,

196 1286 453 1349 ἴθυσεν
503 1281 577 1349 δὲ
620 1281 733 1350 καὶ
769 1283 804 1349 ὁ
841 1286 1164 1368 πρόφρων
1210 1290 1542 1349 Δαναοῖσι
1587 1284 1940 1367 μάχεσθαι·

197 1385 346 1452 ἀλλ’
409 1390 496 1454 οὔ
540 1384 680 1466 πως
725 1391 819 1454 ἔτι
866 1383 1020 1472 εἶχε·
1066 1388 1337 1455 σάκεσσι
1382 1391 1508 1474 γὰρ
1556 1392 1787 1474 ἔρχατο
1830 1389 2040 1474 πάντῃ

201 1489 521 1573 ἑστεῶτες
563 1492 715 1578 περὶ
759 1497 1155 1582 Πατρόκλῳ,
1201 1496 1331 1579 πρὸ
1379 1491 1455 1560 δὲ
1499 1488 1769 1579 δούρατ’
1812 1496 2058 1577 ἔχοντο.
2113 1509 2215 1560 355

203 1604 377 1678 Αἴας
425 1603 553 1686 γὰρ
600 1600 772 1684 μάλα
815 1600 1064 1677 πάντας
1108 1597 1392 1687 ἐπῴχετο
1438 1600 1649 1666 πολλὰ
1692 1601 2006 1665 κελεύων·

206 1704 361 1771 οὔτε
411 1704 540 1772 τιν’
585 1705 863 1784 ἐξοπίσω
908 1714 1150 1790 νεκροῦ
1192 1707 1508 1790 χάζεσθαι
1551 1707 1832 1790 ἀνώγειν

203 1810 363 1878 οὔτε
409 1814 562 1877 τινὰ
604 1813 1064 1896 προμάχεσθαι
1103 1805 1377 1895 Ἀχαιῶν
1422 1812 1650 1898 ἔξοχον
1695 1813 1944 1896 ἄλλων,

204 1914 378 1983 ἀλλὰ
424 1915 571 2002 μάλ’
617 1915 780 2000 ἀμφ’
824 1917 1001 2005 αὐτῷ
1040 1918 1355 2001 βεβάμεν,
1401 1920 1725 2002 σχεδόθεν
1763 1914 1837 1982 δὲ
1874 1919 2209 2002 μάχεσθαι.

206 2017 298 2100 ὦς
345 2031 518 2101 Αἴας
563 2022 856 2088 ἐπέτελλε
900 2023 1250 2108 πελώριος,
1300 2025 1521 2108 αἵματι
1568 2020 1641 2089 δὲ
1685 2023 1875 2106 χθὼν
2114 2039 2254 2119 360ι

210 2128 445 2196 δεύετο
489 2130 878 2218 πορφυρέῳ,
922 2127 1028 2196 τοὶ
1074 2124 1136 2194 δ’
1179 2129 1543 2214 ἀγχιστῖνοι
1589 2132 1859 2195 ἔπιπτον

209 2234 442 2322 νεκροὶ
487 2236 655 2320 ὁμοῦ
707 2238 955 2320 Τρώων
998 2234 1110 2301 καὶ
1153 2235 1575 2321 ὑπερμενέων
1621 2234 2018 2319 ἐπικούρων,

212 2340 326 2408 καὶ
372 2348 690 2409 Δαναῶν·
737 2339 880 2408 οὐδ’
926 2343 997 2407 οἰ
1035 2343 1160 2427 γὰρ
1207 2341 1534 2425 ἀναιμωτί
1571 2364 1647 2424 γε
1691 2340 2007 2424 μάχοντο,

213 2453 612 2535 παυρότεροι
658 2445 731 2513 δὲ
774 2451 945 2513 πολὺ
991 2452 1369 2533 φθίνυθον·
1414 2445 1743 2532 μέμνηντο
1786 2449 1913 2533 γὰρ
1960 2445 2088 2514 αἰεὶ

218 2552 525 2639 ἀλλήλοις
565 2550 720 2620 καθ’
773 2554 1006 2638 ὅμιλον
1051 2551 1427 2638 ἀλεξέμεναι
1469 2557 1687 2638 φόνον
1733 2554 1951 2619 αἰπύν.
2115 2570 2217 2621 365

307 2659 394 2740 ὥς
440 2663 510 2726 οἱ
549 2658 670 2746 μὲν
714 2661 1048 2745 μάρναντο
1095 2657 1296 2745 δέμας
1338 2662 1573 2744 πυρός,
1623 2657 1785 2725 οὐδέ
1824 2684 1898 2725 κε
1943 2662 2144 2744 φαίης

222 2768 372 2834 οὔτε
415 2763 560 2833 ποτ’
599 2767 822 2851 ἠέλιον
871 2769 1031 2831 σόον
1078 2769 1348 2850 ἔμμεναι
1395 2767 1544 2832 οὔτε
1590 2767 1904 2850 σελήνην·

223 2874 363 2959 ἠέρι
406 2875 533 2960 γὰρ
576 2873 956 2958 κατέχοντο,
1003 2873 1212 2958 μάχης
1256 2872 1369 2938 ἐπί
1406 2868 1478 2936 θ’
1524 2871 1728 2936 ὅσσον
1773 2873 2027 2957 ἄριστοι

223 2979 501 3048 ἕστασαν
546 2979 712 3064 ἀμφὶ
759 2966 1168 3063 Μενοιτιάδῃ
1214 2982 1723 3059 κατατεθνηῶτι.

228 3089 292 3151 oc
331 3082 394 3151 δ’
435 3089 623 3152 ἄλλοι
675 3090 891 3172 Τρῶες
933 3082 1046 3149 καὶ
1090 3083 1477 3168 ἐυκνήμιδες
1514 3079 1762 3166 Ἀχαιοὶ
2114 3100 2217 3149 370

226 3193 487 3276 εὔκηλοι
530 3190 879 3275 πολέμιζον
922 3184 1036 3255 ὑπ’
1079 3187 1331 3273 αὐθέρι,
1377 3186 1659 3254 πέπτατο
1707 3183 1769 3254 δ’
1812 3188 1981 3272 αὐγὴ

227 3298 447 3383 ἠελίου
491 3296 697 3380 ὀξεῖα,
744 3296 948 3380 νέφος
993 3290 1057 3361 δ’
1098 3295 1180 3361 οὐ
1217 3297 1491 3380 φαίνετο
1536 3295 1747 3376 πάσης

226 3408 412 3487 γαίης
456 3400 599 3469 οὐδ’
645 3402 879 3488 ὀρέων·
926 3403 1449 3486 μεταπαυόμενοι
1494 3396 1567 3464 δὲ
1612 3399 1930 3482 μάχοντο,

229 3510 520 3594 ἀλλήλων
567 3510 969 3583 ἀλεείνοντες
1011 3504 1203 3590 βέλεα
1249 3507 1632 3583 στονόεντα,
