2525 3884
261 172 302 235 8
1072 171 1376 223 1A1AA02
1412 174 1478 224 N.

260 292 629 399 Ἰδομενεὺς
675 309 736 379 δ’
786 315 915 399 ἄρα
961 315 1033 379 οἰ
1073 314 1503 401 δουρικλυτὸς
1539 313 1995 398 ἀντεβόλησεν,
2173 329 2281 380 210

265 420 618 504 ἐρχόμενος
660 415 815 506 παρ’
869 418 1157 505 ἑταίρου,
1204 420 1241 485 ὅ
1289 420 1358 484 οἰ
1396 418 1554 485 νέον
1600 419 1671 485 ἐκ
1715 418 2026 504 πολέμοιο

174 512 182 521 ’
261 521 430 609 ἦλθε
475 521 616 592 κατ’
670 528 909 610 ἰγνύην
954 525 1357 611 βεβλημένος
1400 524 1536 603 ὀξέι
1578 530 1815 613 χαλκῷ.

259 632 384 705 τὸν,
423 627 544 716 μὲν
591 630 838 719 ἑταῖροι
882 633 1163 714 ἔνεικαν,
1212 631 1249 698 ὁ
1297 628 1358 696 δ’
1414 634 1661 718 ἰητροῖς
1706 631 2027 706 ἐπιτείλας

260 738 407 819 ἤιεν
453 736 519 814 ἐς
560 742 851 821 κλισίην·
900 740 996 803 ἔτι
1042 739 1168 823 γάρ
1212 736 1528 821 πολέμοιο
1575 740 1847 822 μενοίνα

263 843 555 909 ἀντιάαν.
628 845 748 909 τὸν
793 840 866 909 δὲ
911 843 1212 930 προσέφη
1258 847 1500 926 κρείων
1546 843 1920 927 ἐνοσίχθων
2176 855 2280 906 215

262 950 604 1034 εἰσάμενος
648 952 979 1048 φθογγὴν.
1004 945 1477 1036 Ἀνδραίμονος
1519 942 1618 1015 υἷι
1663 952 1938 1031 Θόαντι,

264 1055 338 1132 ὃς
382 1055 556 1141 πάσῃ
605 1061 959 1141 Πλευρῶνι
1000 1053 1113 1122 καὶ
1157 1058 1419 1141 αἰπεινῇ
1465 1057 1824 1121 Καλυδῶνι

263 1164 664 1227 Αἰτωλοῖσιν
707 1163 975 1244 ἄνασσε,
1021 1163 1183 1239 θεὸς
1228 1158 1291 1226 δ’
1346 1161 1435 1240 ὣς
1477 1164 1649 1227 τίετο
1696 1162 1910 1248 δήμω·

228 1330 232 1335 .
263 1263 634 1352 ,,Ἰδομενεῦ
676 1271 962 1355 Κρητῶν
1005 1271 1416 1356 βουληφόρε,
1463 1276 1596 1334 ποῦ
1639 1291 1743 1333 τοι
1788 1264 2045 1333 ἀπειλαὶ

265 1380 593 1458 οἴχονται,
637 1376 753 1451 τὰς
805 1372 1066 1461 Τρωσὶν
1113 1374 1419 1441 ἀπείλεον
1461 1366 1602 1451 υἷες
1639 1369 1991 1459 Ἀχαιῶν;“
2177 1387 2282 1436 220

350 1482 470 1545 τὸν
514 1475 575 1545 δ’
627 1475 769 1546 αὖτ’
813 1478 1183 1565 Ἰδομενεὺς
1224 1484 1509 1565 Κρητῶν
1555 1481 1713 1564 ἀγὸς
1759 1481 1988 1545 ἀντίον
2031 1479 2231 1562 ηὔδα·

265 1577 362 1669 ,,ὦ
410 1588 611 1670 Θόαν,
659 1587 741 1651 οὔ
785 1610 884 1663 τις
928 1586 1096 1669 ἀνὴρ
1141 1594 1271 1651 νῦν
1313 1584 1377 1669 γ’
1430 1592 1665 1669 αἴτιος,
1713 1587 1917 1652 ὅσσον
1962 1584 2090 1670 ἐγώ
2135 1607 2211 1668 γε

262 1694 637 1776 γιγνώσκω·
682 1693 922 1768 πάντες
964 1694 1091 1775 γὰρ
1138 1691 1543 1776 ἐπιστάμεθα
1586 1696 2009 1778 πτολεμίζειν.

267 1799 420 1863 οὔτε
463 1797 614 1863 τινὰ
659 1795 810 1872 δέος
856 1801 1022 1882 ἴσχει
1068 1796 1346 1881 ἀκήριον
1391 1797 1544 1863 οὔτε
1587 1821 1687 1875 τις
1730 1799 1905 1886 ὄκνῳ

268 1910 465 1971 εἴκων
510 1903 823 1970 ἀνδύεται
867 1905 1156 1988 πόλεμον
1200 1907 1434 1969 κακόν·
1479 1905 1643 1970 ἀλλά
1686 1926 1819 1971 που
1866 1905 2072 1982 οὕτως
2180 1919 2285 1969 225

267 2010 488 2096 μέλλει
534 2011 615 2095 δὴ
662 2013 864 2095 φίλον
910 2004 1080 2075 εἶναι
1125 2009 1476 2095 ὑπερμενέι
1519 2014 1892 2096 Κρονίωνι,

269 2117 662 2202 νωνύμνους
707 2114 1077 2182 ἀπολέσθαι
1121 2113 1232 2181 ἀπ’
1268 2115 1541 2203 ’Ἀργεος
1586 2114 1821 2183 ἐνθάδ’
1864 2115 2178 2202 Ἀχαιούς.

139 2246 144 2251 ·
270 2223 435 2288 ἀλλὰ
479 2221 681 2305 Θόαν,
726 2222 836 2288 καὶ
878 2223 1006 2309 γὰρ
1049 2224 1124 2288 τὸ
1170 2223 1381 2308 πάρος
1423 2224 1768 2307 μενεδήιος
1809 2218 2011 2306 ἦσθα,

272 2329 571 2416 ὀτρύνεις
617 2324 691 2393 δὲ
733 2327 845 2393 καὶ
889 2331 1113 2413 ἄλλον,
1160 2329 1278 2394 ὅθι
1323 2327 1638 2413 μεθιέντα
1683 2329 1889 2413 ἴδηαι·

267 2442 359 2523 τῷ
407 2442 537 2498 νῦν
582 2430 730 2517 μήτ’
783 2432 1070 2517 ἀπόληγε
1113 2434 1345 2502 κέλευέ
1383 2458 1454 2501 τε
1500 2434 1673 2520 φωτὶ
1718 2433 2030 2523 ἑκάστφ.“
2182 2453 2288 2504 230

359 2541 477 2606 τὸν
522 2534 584 2604 δ’
634 2535 918 2623 ἠμείβετ’
971 2541 1189 2605 ἔπειτα
1235 2541 1630 2606 Ποσειδάων
1675 2540 2077 2632 ἐνοσίχθων·

271 2641 664 2732 ,,Ἰδομενεῦ,
710 2645 797 2730 μὴ
841 2655 1059 2721 κεῖνος
1103 2645 1272 2731 ἀνὴρ
1319 2648 1415 2712 ἔτι
1457 2649 1841 2730 νοστήσειεν

273 2753 344 2819 ἐκ
398 2755 658 2839 Τροίης,
707 2747 849 2817 ἀλλ’
903 2745 1067 2817 αὖθι
1112 2762 1339 2817 κυνῶν
1384 2752 1732 2840 μέλπηθρα
1774 2754 2058 2839 γένοιτο,

274 2859 347 2935 ὅς
389 2881 489 2935 τις
533 2855 636 2923 ἐπ’
688 2859 887 2942 ἤματι
933 2859 1103 2946 τῷδε
1150 2856 1319 2924 ἑκὼν
1364 2864 1634 2944 μεθιῇσι
1678 2861 2023 2945 μάχεσθαι.

274 2962 417 3030 ἀλλ’
451 2965 569 3046 ἄγε
595 2965 827 3049 τεύχεα
857 2965 1057 3051 δεῦρο
1096 2965 1326 3048 λαβὼν
1354 2970 1483 3031 ἴθι·
1529 2976 1734 3032 ταῦτα
1771 2963 1833 3033 δ’
1866 2970 1997 3054 ἅμα
2031 2969 2157 3054 χρὴ
2186 2984 2290 3035 235
2352 2951 2357 2955 ’

275 3071 608 3152 σπεύδειν,
657 3075 735 3134 αἴ
769 3064 832 3135 κ’
888 3072 1130 3155 ὄφελός
1173 3094 1238 3135 τι
1282 3072 1633 3156 γενώμεθα
1677 3070 1788 3139 καὶ
1834 3068 1942 3139 δύ’
1992 3075 2192 3141 έόντε.

277 3176 618 3262 συμφερτὴ
668 3172 729 3240 δ’
784 3176 980 3261 ἀρετὴ
1028 3175 1212 3243 πέλει
1257 3176 1526 3264 ἀνδρῶν
1571 3176 1682 3243 καὶ
1728 3179 1904 3263 μάλα
1949 3185 2245 3264 λυγρῶν·

275 3293 401 3348 νῶι
446 3278 521 3347 δὲ
563 3285 680 3346 καί
716 3278 777 3347 κ’
831 3282 1188 3365 ἀγαθοῖσιν
1234 3283 1709 3367 ἐπισταίμεσθα
1753 3284 2142 3368 μάχεσθαι.“

454 3381 543 3465 ὧς
578 3388 781 3453 εἰπὼν
818 3386 855 3453 ὁ
890 3384 1013 3472 μὲν
1049 3382 1233 3464 αὖτις
1270 3391 1388 3471 ἔβη
1426 3389 1588 3466 θεὸς
1624 3387 1713 3473 ἂμ
1748 3391 1959 3487 πόνον
1998 3391 2293 3479 ἀνδρῶν·

272 3491 642 3579 Ἰδομενεὺς
686 3487 750 3557 δ’
801 3493 908 3558 ὅτε
955 3494 1037 3576 δὴ
1083 3495 1346 3575 κλισίην
1394 3491 1707 3560 ἐύτυκτον
1753 3493 2009 3578 ἵκανεν,
2187 3513 2293 3563 240
