2525 3884
995 174 1297 231 ΙΛῙΑΔοΣ
1333 182 1501 237 xv11.
2120 181 2244 246 107

228 323 527 406 καπρίῳ,
573 321 646 397 ὅς
687 317 748 385 τ’
793 320 867 388 ἐν
910 323 1135 406 ὄρεσσι
1178 324 1385 399 κύνας
1426 324 1756 408 θαλερούς
1799 318 1860 389 τ’
1902 325 2168 409 αἰζηοὺς

229 418 516 512 ῥηιδίως
557 425 909 493 ἐκέδασσεν
954 425 1329 512 ἑλιξάμενος
1372 429 1486 493 διὰ
1529 432 1805 512 βήσσας·

230 527 348 608 ὧς
387 534 521 609 υἱὸς
572 537 962 618 Τελαμῶνος
1004 535 1292 618 ἀγαυοῦ,
1339 537 1654 619 φαίδιμος
1698 542 1894 618 Αἴας,

230 637 397 721 ῥεῖα
436 641 893 724 μετεισάμενος
944 641 1190 724 Τρώων
1236 639 1547 706 ἐκέδασσε
1593 642 1963 726 φάλαγγας,
2142 659 2246 709 285

235 747 327 808 οἳ
362 743 502 829 περὶ
545 749 909 832 Πατρόκλῳ
954 744 1281 830 βέβασαν,
1335 748 1628 832 φρόνεον
1675 744 1748 813 δὲ
1793 749 2071 831 μάλιστα

235 851 413 914 ὂὶστυ
454 854 600 916 πότι
647 849 969 938 σφέτερον
1015 852 1235 937 ἐρύειν
1281 852 1390 917 καὶ
1434 854 1637 931 κῦδος
1680 850 1982 938 ἀρέσθαι.

232 951 287 1037 ἦ
337 979 435 1020 τοι
476 958 596 1021 τὸν
640 959 904 1040 Λήθοιο
951 962 1305 1041 Πελασγοῦ
1350 960 1666 1044 φαίδιμος
1708 961 1857 1037 υἱὸς

222 1058 587 1140 Ἱππόθοος
631 1064 837 1141 ποδὸς
881 1062 1026 1129 ἕλκε
1068 1066 1234 1129 κατὰ
1276 1067 1598 1150 κρατερὴν
1642 1065 1959 1149 ὑσμίνην,

237 1169 613 1252 δησάμενος
653 1174 979 1253 τελαμῶνι
1021 1171 1196 1254 παρὰ
1241 1171 1504 1256 σφυρὸν
1550 1168 1718 1254 ἀμφὶ
1761 1170 2102 1254 τένοντας,
2142 1187 2246 1236 290

220 1263 645 1359 Ι’Ἐκτορικαὶ
697 1275 992 1360 Τρώεσσι
1034 1279 1477 1362 χαριζόμενος·
1524 1277 1686 1359 τάχα
1732 1271 1794 1341 δ’
1836 1277 2012 1363 αὐτῷ

234 1375 413 1462 ἦλθε
456 1383 692 1463 κακόν,
735 1382 811 1446 τό
859 1382 930 1445 οἱ
970 1381 1050 1446 οὔ
1094 1405 1193 1459 τις
1239 1382 1555 1468 ἐρύκακεν
1602 1370 1878 1465 ἱεμένων
1923 1405 2060 1468 περ.

235 1488 360 1551 τὸν
411 1482 472 1551 δ’
514 1488 661 1563 υἱὸς
713 1491 1131 1571 Τελαμῶνος,
1178 1486 1444 1565 ἐπαΐξας
1490 1481 1578 1551 δι’
1622 1486 1888 1572 ὁμίλου,

29 1581 32 1682 ἐ
112 1590 117 1595 .
232 1588 431 1675 πλῆξ’
484 1592 918 1677 αὐτοσχεδίην
962 1593 1199 1676 κυνέης
1244 1594 1356 1658 διὰ
1400 1590 1890 1680 χαλκοπαρῄου·

230 1701 431 1783 ἤρικε
476 1693 539 1763 δ’
582 1699 972 1764 ἱπποδάσεια
1016 1702 1216 1785 κόρυς
1259 1697 1410 1785 περὶ
1456 1701 1698 1786 δουρὸς
1741 1700 1990 1785 ἀκωκῇ,
2147 1715 2251 1765 295

232 1799 541 1887 πληγεῖσ’
584 1807 766 1889 ἔγχεΐ
800 1827 870 1870 τε
913 1806 1172 1891 μεγάλῳ
1218 1803 1328 1870 καὶ
1372 1803 1539 1892 χειρὶ
1582 1810 1848 1892 παχείῃ,

234 1908 606 1993 ἐγκέφαλος
653 1907 727 1974 δὲ
768 1905 924 1995 παρ’
967 1911 1174 1975 αὐλὸν
1218 1910 1586 1997 ἀνέδραμεν
1631 1910 1697 1989 ἐξ
1745 1911 2014 1994 ὠτειλῆς

232 2017 595 2100 αἱματόεις.
656 2024 779 2080 τοῦ
825 2013 889 2081 δ’
932 2011 1098 2080 αὖθι
1141 2017 1317 2101 λύθη
1364 2016 1587 2101 μένος,
1635 2016 1707 2081 ἐκ
1744 2012 1806 2080 δ’
1850 2018 1976 2101 ἄρα
2012 2026 2250 2101 χειρῶν

96 2175 105 2193 ,
236 2125 664 2206 Πατρόκλοιο
710 2123 883 2188 πόδα
928 2124 1371 2209 μεγαλήτορος
1413 2118 1529 2207 ἧκε
1574 2125 1813 2208 χαμᾶζε

235 2234 537 2293 κεῖσθαι·
582 2226 620 2293 ὁ
668 2224 729 2292 δ’
773 2222 916 2312 ἄγχ’
957 2228 1185 2293 αὐτοῖο
1229 2226 1387 2295 πέσε
1429 2229 1686 2314 πρηνὴς
1723 2225 1828 2292 ἐπὶ
1865 2235 2108 2314 νεκρῷ,
2147 2244 2252 2293 300

238 2329 388 2416 τῆλ’
432 2332 558 2398 ἀπὸ
595 2336 893 2419 Λαρίσης
936 2334 1363 2420 ἐριβώλακος,
1412 2330 1571 2398 οὐδὲ
1614 2342 1920 2401 τοκεῦσιν

240 2436 545 2526 θρέπτρα
590 2443 811 2523 φίλοις
855 2437 1175 2525 ἀπέδωκε,
1223 2440 1665 2524 μινυνθάδιος
1708 2438 1788 2504 δέ
1825 2439 1898 2504 οἱ
1938 2440 2104 2505 αἰὼν

245 2542 475 2611 ἔπλεθ’
516 2542 627 2609 ὑπ’
673 2552 960 2622 Αἴαντος
1003 2546 1394 2631 μεγαθύμου
1441 2544 1636 2630 δουρὶ
1683 2544 1969 2630 δαμέντι.

236 2650 489 2736 Ἕκτωρ
535 2648 599 2715 δ’
643 2647 785 2716 αὖτ’
829 2658 1116 2729 Αἴαντος
1160 2652 1462 2718 ἀκόντισε
1508 2650 1704 2738 δουρὶ
1749 2659 2029 2739 φαεινῷ·
2096 2665 2115 2685 ’

248 2752 394 2823 ἀλλ’
434 2757 472 2822 ὁ
518 2753 640 2840 μὲν
683 2759 847 2823 ἀντα
892 2759 1057 2823 ἰδὼν
1100 2759 1379 2842 ἠλεύατο
1424 2760 1702 2844 χάλκεον
1749 2761 1935 2842 ἔγχος
2148 2771 2251 2821 305

249 2865 526 2928 τυτθόν·
571 2862 610 2929 ὁ
658 2861 732 2928 δὲ
774 2863 1062 2948 Σχεδίον
1107 2866 1499 2949 μεγαθύμου
1537 2859 1786 2950 Ἰφίτου
1830 2864 2015 2946 υἱόν,

256 2972 554 3053 Φωκήων
599 2963 699 3053 ὄχ’
741 2970 1043 3055 ἄριστον,
1092 2968 1165 3047 ὃς
1210 2970 1283 3035 ἐν
1327 2975 1556 3058 κλειτῷ
1597 2975 1906 3053 Πανοπῆι

251 3076 426 3142 οἰκία
468 3076 852 3141 ναιετάασκε
894 3073 1162 3141 πολέσσ’
1205 3076 1561 3159 ἄνδρεσσιν
1598 3074 1936 3158 ἀνάσσων,

249 3181 369 3246 τὸν
412 3176 560 3265 βάλ’
600 3181 730 3247 ὑπὸ
775 3183 1014 3264 κληῖδα
1056 3180 1289 3266 μέσην·
1336 3182 1447 3245 διὰ
1492 3177 1551 3246 δ’
1596 3177 1876 3266 ἀμπερὲς
1920 3182 2084 3265 ἄκρη

250 3288 448 3371 αἰχμὴ
491 3292 757 3372 χαλκείη
802 3289 978 3373 παρὰ
1013 3290 1278 3352 νείατον
1316 3277 1500 3370 ὦμον
1537 3285 1831 3372 ἀνέσχεν.
2150 3301 2254 3350 310

251 3394 591 3476 δούπησεν
638 3388 712 3457 δὲ
754 3392 1005 3476 πεσών,
1052 3391 1342 3478 ἀράβησε
1388 3388 1462 3457 δὲ
1502 3389 1711 3475 τεύχε’
1756 3388 1853 3456 ἐπ’
1898 3391 2094 3476 αὐτῷ.

251 3504 421 3577 Αἴας
467 3495 527 3563 δ’
573 3493 658 3563 αὖ
710 3501 1020 3584 Φόρκυνα
1059 3499 1421 3582 δαΐφρονα,
1472 3499 1808 3569 Φαίνοπος
1851 3495 2032 3574 υἱόν,
