2525 3884
293 197 380 261 40
1103 197 1407 251 ΙΑΙΑΔΟΣ
1443 199 1506 257 Ξ.

294 340 490 425 Ζεύς,
540 339 678 407 ἐπεὶ
724 341 900 429 αὐτῷ
948 340 1075 425 ἐγὼ
1121 342 1418 426 μαλακὸν
1460 338 1613 422 περὶ
1653 351 1840 426 κῶμα
1874 342 2169 421 κάλυψα·

279 444 454 532 ’Ἡρη
505 444 565 512 δ’
622 447 695 513 έν
740 449 1042 531 φιλότητι
1085 449 1484 533 παρήπαφεν
1531 446 1963 530 εὐνηθῆναι.“
2192 464 2310 515 360

382 548 471 630 ὧς
514 554 717 618 εἰπὼν
761 552 797 618 6
845 549 966 637 μὲν
1011 549 1200 641 ᾤχετ’
1254 550 1360 619 ἐπὶ
1405 554 1610 618 κλυτὰ
1653 548 1816 637 φῦλ’
1869 552 2278 640 ἀνθρώπων,

290 661 412 725 τὸν
460 655 521 725 δ’
573 662 669 725 ἔτι
713 664 964 744 μᾶλλον
1009 659 1252 744 ἀνῆκεν
1298 657 1703 744 ἀμυνέμεναι
1745 663 2135 725 Δαναοῖσιν.

294 765 529 837 αὐτίκα
573 760 635 830 δ’
688 763 762 830 έν
805 766 1125 850 πρώτοισι
1170 761 1337 849 μέγα
1381 763 1743 850 προθορὼν
1788 762 2157 830 ἐκέλευσεν·

294 866 639 956 ,,Ἀργετοι,
683 866 787 934 καὶ
838 870 921 953 δὴ
969 864 1124 935 αὖτε
1169 872 1484 954 μεθίεμεν
1521 866 1786 956 Ἕκτορι
1828 873 2024 954 νίκην

294 976 660 1062 Πριαμίδῃ,
705 977 818 1041 ἵνα
862 985 1024 1060 νῆας
1068 974 1182 1060 ἕλῃ
1227 973 1339 1040 καὶ
1372 976 1573 1051 κῦδος
1609 976 1872 1061 ἄρηται;
2193 994 2304 1044 365

293 1075 440 1148 ἀλλ’
492 1081 529 1147 6
573 1071 696 1165 μὲν
742 1080 914 1147 οὕτω
960 1078 1126 1164 φησὶ
1169 1077 1281 1145 καὶ
1326 1080 1602 1165 εὔχεται,
1651 1075 1870 1146 οὕνεκ’
1917 1077 2248 1166 Ἀχιλλεὺς
2306 1103 2315 1109 ·
2442 1068 2494 1161 ,’

296 1184 540 1270 νηυσὶν
584 1189 691 1251 ἔπι
716 1191 1114 1272 ,γλαφυρῇσι
1158 1183 1343 1271 μένει
1385 1183 1835 1270 κεχολωμένος
1878 1182 2067 1272 ἦτορ·
2287 1208 2290 1209 ’

296 1295 524 1358 κείνου
572 1289 631 1357 δ’
685 1292 768 1357 οὔ
813 1314 876 1356 τι
922 1292 1074 1374 λίην
1118 1291 1301 1374 ποθὴ
1350 1292 1626 1373 ἔσσεται,
1674 1296 1741 1356 εἴ
1774 1314 1891 1356 κεν
1938 1293 2010 1357 οἰ
2048 1294 2239 1359 ἄλλοι

296 1399 485 1484 ἡμεῖς
528 1391 947 1485 ὀτρυνώμεθ’
997 1394 1331 1481 ἀμυνέμεν
1378 1395 1787 1480 ἀλλήλοισιν·
2373 1398 2382 1436 ‘

300 1501 441 1571 ἀλλ’
494 1499 711 1588 ἄγεθ’,
757 1504 847 1581 ὡς
891 1502 975 1568 ἂν
1022 1501 1150 1586 ἐγὼ
1197 1508 1381 1585 εἴπω,
1415 1492 1823 1587 ’πειθώμεθα
1867 1504 2123 1583 πάντες.
2195 1524 2303 1574 370

300 1611 571 1687 ἀσπίδες
615 1611 810 1677 ὅσσαι
854 1610 1115 1693 ἄρισται
1161 1606 1262 1674 ένὶ
1309 1616 1564 1697 στρατῷ
1610 1605 1730 1692 ήδὲ
1775 1607 2095 1694 μέγισται,

300 1716 676 1801 ἑσσάμενοι,
719 1715 1009 1798 κεφαλὰς
1055 1711 1129 1779 δὲ
1172 1718 1584 1800 παναίθῃσιν
1627 1716 2034 1799 κορύθεσσιν

298 1824 692 1908 κρύψαντες,
738 1818 966 1905 χερσὶν
1014 1816 1089 1886 δὲ
1132 1820 1213 1885 τὰ
1258 1817 1611 1906 μακρότατ’
1666 1818 1834 1905 ἔγχε’
1887 1821 2168 1908 ἑλόντες,

301 1935 517 2015 ἴομεν·
562 1928 770 2013 αὐτὰρ
818 1925 989 2010 ἐγὼν
1034 1925 1388 2011 ἡγήσομαι,
1435 1919 1586 1991 οὐδ’
1637 1929 1732 1992 ἔτι
1778 1926 1949 2013 φημὶ

283 2034 573 2122 ’Ἐκτορα
619 2034 1007 2119 Πριαμίδην
1053 2030 1312 2117 μενέειν
1357 2032 1529 2117 μάλα
1574 2053 1697 2119 περ
1742 2045 2067 2119 μεμαῶτα.
2196 2055 2302 2104 375

301 2141 404 2224 [ὃς
450 2140 529 2207 δέ
567 2138 626 2205 κ’
670 2140 840 2226 ἀνὴρ
877 2138 1303 2225 μενέχαρμος,
1342 2141 1454 2225 ἔχῃ
1495 2133 1558 2203 δ’
1598 2138 1828 2223 ὀλίγον
1867 2141 2066 2219 σάκος
2102 2143 2281 2230 ὤμῳ,

219 2303 233 2314 .
298 2251 554 2332 χείρονι
598 2244 770 2331 φωτὶ
818 2248 1011 2328 δότω,
1062 2244 1098 2310 6
1147 2240 1208 2309 δ’
1254 2244 1328 2310 ἐν
1375 2244 1602 2311 ἀσπίδι
1646 2248 1896 2330 μείζονι
1942 2233 2211 2331 δύτω““.]

391 2347 479 2430 ὦς
507 2346 735 2436 ἔφαθ’,
766 2351 836 2417 οἰ
860 2347 926 2417 δ’
959 2354 1087 2436 ἄρα
1114 2360 1236 2417 τοῦ
1263 2351 1438 2435 μάλα
1466 2347 1588 2436 μὲν
1614 2352 1824 2417 κλύον
1850 2350 1970 2436 ἠδὲ
1996 2357 2300 2423 πίθοντο.

298 2461 457 2536 τοὺς
503 2454 564 2523 δ’
618 2455 809 2523 αὐτοὶ
855 2460 1162 2542 βασιλῆες
1208 2458 1525 2542 ἐκόσμεον
1571 2458 1932 2544 οὐτάμενοί
1969 2482 2122 2546 περ,

308 2565 632 2648 Τυδεΐδης
668 2560 979 2640 Ὀδυσεύς
1020 2587 1091 2628 τε
1135 2561 1243 2629 καὶ
1283 2557 1616 2650 Ἀτρεΐδης
1653 2561 2106 2651 Ἀγαμέμνων·
2197 2585 2301 2636 380
2354 2552 2359 2558 ’

302 2673 669 2756 [οἰχόμενοι
715 2666 777 2734 δ’
830 2667 935 2735 ἐπὶ
979 2669 1227 2747 πάντας
1272 2670 1469 2755 ἀρήια
1512 2668 1719 2756 τεύχε’
1773 2672 2065 2757 ἄμειβον.

298 2776 512 2843 ἐσθλὰ
558 2773 681 2861 μὲν
727 2775 967 2853 ἐσθλὸς
1012 2776 1230 2860 ἔδυνε,
1276 2774 1481 2863 χέρηα
1529 2772 1605 2843 δὲ
1648 2779 1903 2864 χείρονι
1950 2780 2235 2862 δόσκεν.]

298 2884 507 2969 αὐτὰρ
554 2882 700 2949 ἐπεί
738 2879 804 2967 ῤ’
858 2881 1136 2948 ἕσσαντο
1181 2880 1332 2967 περὶ
1375 2884 1531 2969 χροῒ
1570 2884 1844 2970 νώροπα
1887 2889 2151 2969 χαλκόν,

295 2990 426 3073 βάν
474 2986 536 3075 ῤ’
590 2995 767 3073 ἴμεν·
813 2983 970 3073 ἦρχε
1017 2984 1080 3054 δ’
1132 2989 1260 3073 ἄρα
1307 3005 1431 3074 σφι
1467 2991 1865 3056 Ποσειδάων
1904 2990 2297 3077 ἐνοσίχθων,

300 3096 525 3161 δεινὸν
571 3096 695 3181 ἄορ
741 3095 1058 3178 τανύηκες
1104 3095 1275 3178 ἔχων
1321 3093 1396 3160 έν
1439 3093 1609 3182 χειρὶ
1654 3099 1910 3182 παχείῃ,
2196 3115 2298 3165 385

296 3206 554 3267 εἴκελον
598 3200 953 3286 ἀστεροπῇ·
998 3208 1089 3289 τῷ
1138 3194 1202 3266 δ’
1256 3200 1340 3265 ού
1385 3199 1580 3285 θέμις
1625 3199 1763 3269 ἐστὶ
1810 3212 2081 3287 μιγῆναι

296 3306 371 3373 έν
419 3308 536 3372 δαῒ
575 3306 916 3393 λευγαλέῃ,
964 3305 1130 3372 ἀλλὰ
1177 3304 1329 3386 δέος
1374 3307 1625 3391 ἰσχάνει
1670 3310 1937 3395 ἄνδρας.

305 3417 536 3499 Τρῶας
581 3410 643 3478 δ’
696 3407 855 3478 αὖθ’
908 3410 1236 3498 ἑτέρωθεν
1283 3412 1550 3497 ἐκόσμεε
1593 3415 1912 3499 φαίδιμος
1940 3412 2213 3499 Ἕκτωρ.

295 3520 382 3603 δή
428 3518 513 3604 ῥα
557 3516 689 3584 τότ’
743 3518 1098 3602 αἰνοτάτην
1144 3518 1333 3602 ἔριδα
1378 3515 1727 3599 πτολέμοιο
1772 3520 2114 3586 τάνυσσαν
