2525 3884
295 182 382 247 56
1107 182 1411 234 IAIAAoz:
1450 182 1515 234 0.
1617 209 1622 214 -

297 319 387 401 ὧς
432 325 773 409 ἐφόβηθεν
813 321 1057 409 Ἀχαιοὶ
1102 323 1472 401 ἀνάλκιδες·
1526 323 1599 389 ἐν
1643 323 1772 409 γὰρ
1822 317 2160 387 Ἀπόλλων

296 426 412 513 ἧκε
456 434 702 516 φόβον,
757 428 1020 517 Τρωσὶν
1065 426 1139 496 δὲ
1182 428 1294 496 καὶ
1322 428 1588 515 Ἕκτορι
1631 429 1834 505 κῦδος
1877 430 2133 506 ὄπαζεν.

385 539 554 601 ἔνθα
601 533 662 602 δ’
714 537 881 621 ἀνὴρ
928 536 1075 603 ἕλεν
1121 537 1334 621 ἄνδρα
1379 536 1818 617 κεδασθείσης
1851 534 2151 617 ὑσμίνης.

282 640 535 727 Ἕκτωρ
582 638 706 726 μὲν
751 645 1028 726 Στιχίον
1073 665 1144 707 τε
1188 638 1300 707 καὶ
1341 636 1763 725 Ἀρκεσίλαον
1809 642 2131 724 ἔπεφνεν,

295 749 416 812 τὸν
461 743 583 830 μὲν
627 751 944 813 Βοιωτῶν
988 747 1281 832 ἡγήτορα
1324 746 1857 831 χαλκοχιτώνων,
2209 762 2333 811 330

293 854 414 919 τὸν
460 849 534 919 δὲ
583 858 981 950 Μενεσθῆος
1025 853 1420 937 μεγαθύμου
1463 852 1700 917 πιστὸν
1745 849 2035 936 ἑταῖρον·

297 959 571 1035 Αἰνείας
617 954 690 1024 δὲ
734 956 1054 1023 Μέδοντα
1097 955 1207 1022 καὶ
1235 956 1467 1022 Ἴασον
1512 955 1902 1040 ἐξενάριξεν·

294 1058 337 1146 ἦ
382 1086 485 1129 τοι
531 1064 567 1130 ὁ
614 1061 735 1146 μὲν
781 1066 991 1140 νόθος
1034 1063 1180 1139 υίὸς
1219 1058 1471 1146 Ὀιλῆος
1514 1066 1733 1129 θείοιο

297 1171 473 1251 ἔσκε,
520 1157 774 1234 Μέδων
819 1175 1110 1245 Αἴαντος
1153 1167 1507 1252 ἀδελφεός,
1555 1167 1760 1254 αὐτὰρ
1807 1170 2029 1234 ἔναιεν

297 1274 371 1340 ἐν
424 1274 724 1360 Φυλάκῃ,
769 1278 963 1359 γαίης
1007 1275 1136 1340 ἄπο
1181 1275 1529 1361 πατρίδος,
1577 1274 1792 1359 ἄνδρα
1834 1275 2325 1358 κατακτάς,335

295 1380 555 1462 γνωτὸν
601 1390 919 1467 μητρυιῆς
958 1376 1374 1466 Ἐριώπιδος,
1421 1381 1507 1464 ἣν
1554 1374 1649 1464 ἔχ’
1692 1371 1967 1459 Ὀιλεύς·
2129 1398 2132 1401 ’

281 1482 505 1562 Ἴασος
549 1480 691 1550 αὖτ’
745 1487 944 1572 ἀρχὸς
988 1483 1110 1571 μὲν
1149 1481 1527 1570 Ἀθηναίων
1576 1484 1904 1570 ἐτέτυκτο,

295 1591 442 1666 υίὸς
488 1587 563 1655 δὲ
599 1593 906 1675 Σφήλοιο
951 1591 1301 1658 καλέσκετο
1347 1592 1782 1658 Βουκολίδαο.

295 1699 605 1779 Μηκιστῆ
654 1692 717 1760 δ’
769 1695 873 1762 ἕλε
919 1697 1395 1781 Πουλυδάμας,
1436 1691 1653 1781 Ἐχίον
1699 1693 1773 1761 δὲ
1819 1701 2108 1781 Πολίτης

295 1802 520 1886 πρώτῃ
567 1800 642 1866 ἐν
686 1801 964 1887 ὑσμίνῃ,
1011 1804 1307 1868 Κλονίον
1355 1797 1417 1867 δ’
1470 1801 1576 1868 ἕλε
1622 1803 1765 1880 δῖος
1804 1797 2115 1888 Ἀγήνωρ.
2209 1823 2322 1872 340

296 1910 595 1992 Δηίοχον
644 1903 717 1973 δὲ
764 1908 980 1996 Πάρις
1025 1908 1182 1993 βάλε
1227 1911 1494 1974 νείατον
1542 1904 1724 1993 ὦμον
1770 1910 2054 1975 ὄπισθεν

298 2009 611 2099 φεύγοντ’
663 2013 737 2079 ἐν
782 2014 1208 2099 προμάχοισι,
1257 2014 1498 2099 διαπρὸ
1547 2011 1621 2079 δὲ
1664 2017 1912 2100 χαλκὸν
1957 2019 2259 2083 ἔλασσεν.
2292 2020 2296 2027 ’

385 2115 540 2207 ὄφρ’
594 2120 666 2185 oc
700 2122 859 2197 τοὺς
905 2120 1204 2203 ἐνάριζον
1249 2115 1361 2185 ἀπ’
1412 2123 1620 2203 ἔντεα,
1665 2123 1883 2208 τόφρα
1929 2115 1991 2186 δ’
2028 2115 2283 2206 Ἀχαιοὶ

296 2225 535 2312 τάφρῳ>
573 2222 683 2289 καὶ
730 2227 1166 2291 σκολόπεσσιν
1211 2223 1672 2308 ἐνιπλήξαντες
1716 2226 1958 2311 ὀρυκτῇ

301 2334 471 2396 ἔνθα
515 2327 627 2396 καὶ
671 2332 841 2396 ἔνθα
888 2330 1206 2416 φέβοντο,
1255 2332 1498 2398 δύοντο
1547 2329 1621 2399 δὲ
1665 2343 1877 2417 τεῖχος
1921 2332 2192 2419 ἀνάγκῃ.
2209 2351 2318 2401 345

286 2435 536 2523 Ἕκτωρ
583 2433 659 2501 δὲ
710 2438 1049 2519 Τρώεσσιν
1093 2436 1388 2503 ἐκέκλετο
1425 2439 1681 2523 μακρὸν
1725 2433 1957 2516 ἀύσας·

298 2541 588 2627 ,,νηυσὶν
635 2542 1129 2626 ἐπισσεύεσθαι,
1178 2543 1294 2608 ἐᾶν
1342 2538 1404 2608 δ’
1456 2540 1660 2630 ἔναρα
1705 2547 2087 2631 βροτόεντα·

275 2649 381 2715 ,ὃν
426 2642 488 2713 δ’
540 2647 624 2713 ἂν
670 2646 842 2729 ἐγὼν
886 2642 1225 2712 ἀπάνευθε
1269 2657 1443 2712 νεῶν
1488 2645 1767 2732 ἑτέρωθι
1811 2650 2062 2734 νοήσω,

301 2754 510 2821 αὐτοῦ
555 2753 626 2817 οἰ
663 2751 964 2817 θάνατον
1009 2754 1393 2837 μητίσομαι,
1440 2753 1604 2819 οὐδέ
1643 2778 1729 2819 νυ
1773 2758 1893 2821 τόν
1936 2780 2012 2838 γε

300 2861 554 2945 γνωτοί
566 2882 659 2924 ,τε
703 2860 958 2941 γνωταί
995 2880 1066 2923 τε
1110 2859 1320 2943 πυρὸς
1365 2858 1685 2943 λελάχωσι
1728 2863 2059 2944 θανόντα,
2207 2880 2324 2949 35σ

302 2962 469 3032 άλλὰ
511 2966 707 3041 κύνες
751 2965 1023 3049 ἐρύουσι
1067 2965 1195 3048 πρὸ
1242 2966 1473 3041 ἄστεος
1517 2963 1924 3053 ἡμετέροιο.“

392 3067 481 3149 ὧς
526 3071 727 3137 εἰπὼν
774 3070 1038 3155 μάστιγι
1083 3072 1475 3156 κατωμαδὸν
1519 3072 1764 3153 ἤλασεν
1811 3074 2077 3157 ἵππους,

300 3180 694 3263 κεκλόμενος
745 3177 1041 3263 Τρώεσσι
1083 3178 1248 3243 κατὰ
1294 3181 1530 3262 στίχας.
1606 3179 1678 3243 οἰ
1717 3176 1792 3245 δὲ
1837 3182 1965 3245 σὺν
2010 3179 2187 3268 αὐτῷ

181 3333 188 3347 .
302 3284 541 3361 πάντες
585 3283 1065 3368 ὁμοκλήσαντες
1110 3285 1264 3367 ἔχον
1312 3283 1764 3369 ἐρυσάρματας
1808 3285 2048 3362 ἵππους

301 3390 426 3475 ἠχῇ
470 3393 822 3476 θεσπεσίῃ·
868 3389 1285 3478 προπάροιθε
1331 3387 1405 3456 δὲ
1456 3393 1702 3474 Φοῖβος
1731 3387 2065 3456 Ἀπόλλων
2208 3408 2313 3459 356

303 3491 430 3580 ῥεῖ’
482 3497 693 3582 ὄχθας
737 3493 1042 3562 καπέτοιο
1089 3498 1370 3581 βαθείης
1413 3494 1656 3561 ποσσὶν
1702 3496 1979 3580 ἐρείπων
