2525 3884
315 157 444 222 160
1113 157 1416 210 ΙΛΙΑΔΟΣ
1453 157 1521 211 Τ.

398 302 517 367 τὸν
563 295 625 366 δ’
670 296 826 368 αὖτε
869 297 1261 387 προσέειπεν
1306 299 1470 379 ἅναξ
1514 300 1683 377 Διὸς
1725 299 1873 376 υίὸς
1911 296 2286 371 Ἀπόλλων·
2317 318 2334 335 ·

310 408 561 492 ,,ἥρως,
609 402 752 473 ἀλλ’
794 409 912 491 ἄγε
955 405 1066 473 καὶ
1113 409 1198 472 σὺ
1241 413 1434 484 θεοῖς
1478 403 1951 490 αἰειγενέτῃσιν

312 512 531 597 εὔχεο·
573 511 685 578 καὶ
732 509 806 579 δὲ
852 511 932 578 σέ
972 530 1138 598 φασι
1181 513 1352 590 Διὸς
1393 513 1639 599 κούρης
1677 509 2071 598 Ἀφροδίτης
2224 528 2348 597 1οό

314 618 700 703 ἐκγεγάμεν,
746 629 967 696 κεῖνος
1003 615 1077 685 δὲ
1120 622 1457 705 χερείονος
1501 617 1576 685 ἐκ
1617 624 1790 684 θεοῦ
1834 619 2042 684 ἐστίν·

310 722 353 806 ἡ
397 719 522 809 μὲν
565 725 693 811 γὰρ
738 727 908 801 Διός
943 718 1119 807 ἐσθ’,
1165 724 1208 807 ἡ
1254 721 1323 789 δ’
1368 723 1435 803 ἐξ
1480 723 1694 790 ἁλίοιο
1738 721 2068 808 γέροντος.

310 827 454 896 ἀλλ’
508 832 665 908 ἰθὺς
710 827 873 915 φέρε
916 830 1164 916 χαλκὸν
1209 829 1499 916 ἀτειρέα,
1548 827 1722 915 μηδέ
1762 848 1836 894 σε
1878 830 2152 915 πάμπαν

310 933 693 1019 λευγαλέοις
738 934 1040 1001 ἐπέεσσιν
1083 935 1501 1022 ἀποτρεπέτω
1546 934 1657 1001 καὶ
1702 934 1953 1021 ἀρειῇ.“
2130 1000 2136 1007 ,

401 1035 490 1118 ὥς
535 1042 738 1107 εἰπὼν
784 1044 1106 1126 ἔμπνευσε
1151 1041 1351 1126 μένος
1395 1041 1562 1126 μέγα
1604 1040 1870 1126 ποιμένι
1912 1045 2125 1124 λαῶν,
2226 1057 2344 1106 110

311 1150 396 1231 βῆ
441 1142 516 1212 δὲ
563 1148 674 1213 διὰ
717 1146 1077 1233 προμάχων
1116 1145 1614 1233 κεκορυθμένος
1666 1153 1903 1214 αὔθοπι
1945 1152 2182 1236 χαλκῷ.

314 1250 460 1318 οὐδ’
504 1250 693 1319 ἔλαθ’
738 1250 1043 1339 Ἀγχίσαο
1088 1254 1243 1331 πάις
1288 1253 1701 1320 λευκώλενον
1745 1251 1966 1339 ’Ἠρην

312 1358 504 1425 ἀντία
549 1363 936 1443 Πηλεΐωνος
981 1360 1102 1426 ἰὼν
1147 1359 1276 1425 ἀνὰ
1323 1359 1621 1444 οὐλαμὸν
1665 1359 1959 1445 ἀνδρῶν·

311 1464 354 1548 ἡ
403 1458 464 1528 δ’
506 1466 747 1550 ἄμυδις
791 1467 1086 1549 στήσασα
1129 1467 1338 1542 θεοὺς
1380 1466 1542 1550 μετὰ
1585 1470 1812 1549 μῦθον
1856 1467 2101 1530 ἔειπεν·

311 1571 742 1657 ”φρᾶζεσθον
788 1572 873 1654 δὴ
920 1581 1126 1655 σφῶι,
1174 1572 1559 1637 Ποσείδαον
1602 1569 1715 1637 καὶ
1753 1566 2070 1654 Ἀθήνη,
2230 1587 2337 1636 115
2424 1572 2435 1579 ’
2491 1666 2492 1673 ¹

313 1676 388 1742 ἐν
435 1673 675 1760 φρεσὶν
720 1676 1142 1762 ὑμετέρῃσιν,
1189 1676 1368 1754 ὅπως
1411 1679 1594 1742 ἔσται
1637 1676 1796 1742 τάδε
1839 1679 2017 1762 ἔργα.

312 1784 586 1860 Αἰνείας
632 1776 734 1847 ὅδ’
775 1783 892 1865 ἔβη
937 1784 1432 1869 κεκορυθμένος
1478 1777 1730 1848 αἰθοπι
1757 1787 1975 1869 χαλκῷ
2126 1861 2132 1870 ¹

314 1889 505 1954 ἀντία
550 1889 964 1971 Πηλεΐωνος,
1011 1887 1211 1973 ἀνῆκε
1258 1886 1333 1953 δὲ
1384 1892 1633 1972 Φοῖβος
1669 1885 2034 1954 Ἀπόλλων·

314 1993 457 2062 ἀλλ’
499 1992 691 2080 ἄγεθ’
733 1994 919 2081 ἡμεῖς
960 1994 1085 2081 πέρ
1130 2018 1247 2079 μιν
1293 1995 1788 2081 ἀποτρωπῶμεν
1836 1994 2085 2059 ὀπίσσω

315 2102 628 2168 αὐτόθεν·
673 2101 716 2183 ἥ
760 2123 861 2178 τις
904 2102 1124 2167 ἔπειτα
1166 2099 1279 2166 καὶ
1322 2100 1572 2186 ἡμείων
1614 2098 1863 2185 Ἀχιλῆι
2232 2117 2337 2166 120

312 2210 671 2294 παρσταίη,
718 2209 868 2291 δοίη
916 2206 991 2273 δὲ
1035 2208 1274 2289 κράτος
1316 2207 1513 2293 μέγα,
1559 2206 1732 2293 μηδέ
1770 2230 1835 2272 τι
1877 2213 2074 2295 θυμῷ

316 2310 649 2396 δευέσθω,
693 2312 806 2377 ἵνα
850 2314 1025 2399 εἰδῇ,
1073 2314 1110 2379 ὅ
1154 2337 1272 2399 μιν
1319 2310 1670 2399 φιλέουσιν
1715 2314 1975 2398 ἄριστοι

316 2419 702 2501 ἀθανάτων,
752 2419 822 2484 οί
862 2414 924 2484 δ’
968 2414 1113 2485 αὖτ’
1156 2420 1543 2505 ἀνεμώλιοι,
1593 2423 1664 2485 οἳ
1700 2421 1775 2485 τὸ
1821 2419 2030 2505 πάρος
2072 2441 2195 2501 περ

321 2522 584 2611 Τρωσὶν
629 2524 1001 2607 ἀμύνουσιν
1044 2528 1335 2611 πόλεμον
1378 2524 1490 2592 καὶ
1535 2527 1865 2610 δηιοτῆτα.

312 2632 553 2709 πάντες
597 2626 659 2697 δ’
704 2631 1090 2714 Οὐλύμποιο
1135 2636 1559 2718 κατήλθομεν
1600 2632 1993 2710 ἀντιόωντες
2232 2649 2330 2698 125

313 2739 514 2822 τῆσδε
558 2737 796 2823 μάχης,
841 2738 953 2806 ἵνα
996 2741 1085 2823 μή
1129 2761 1194 2803 τι
1239 2740 1403 2822 μετὰ
1454 2739 1752 2829 Τρώεσσι
1794 2740 2095 2825 πάθῃσιν

316 2847 633 2932 σήμερον·
676 2845 959 2931 ὕστερον
1003 2838 1159 2910 αὖτε
1203 2845 1285 2910 τὰ
1328 2848 1651 2927 πείσεται,
1698 2845 1869 2910 ἅσσα
1916 2844 1987 2909 οί
2025 2838 2184 2909 αἶσα

312 2949 676 3039 γεινομένῳ
723 2948 999 3034 ἐπένησε
1044 2953 1239 3038 λίνω,
1289 2951 1396 3017 ὅτε
1443 2976 1558 3035 μιν
1601 2950 1744 3017 τέκε
1790 2952 2019 3037 μήτηρ.

315 3059 379 3123 εἰ
422 3054 484 3123 δ’
530 3054 822 3143 Ἀχιλεὺς
867 3057 950 3123 οὐ
992 3066 1198 3123 ταῦτα
1241 3064 1427 3124 θεῶν
1475 3056 1558 3125 ἐκ
1591 3058 1902 3123 πεύσεται
1947 3056 2195 3141 ὀμφῆς,

316 3159 553 3231 δείσετ’
605 3161 846 3246 ἔπειθ’,
893 3164 1000 3229 ὅτε
1042 3162 1160 3229 κέν
1202 3186 1304 3240 τις
1349 3162 1725 3247 ἐναντίβιον
1769 3165 1933 3240 θεὸς
1976 3165 2144 3248 ἔλθῃ
2234 3178 2325 3229 130

316 3270 391 3336 ἐν
434 3268 725 3358 πολέμῳ·
769 3268 1041 3356 χαλεποὶ
1087 3265 1162 3335 δὲ
1207 3269 1361 3336 θεοὶ
1408 3273 1774 3354 φαίνεσθαι
1818 3269 2183 3355 ἐναργεϊς.“

402 3378 526 3463 τὴν
572 3375 633 3443 δ’
674 3372 960 3461 ἠμείβετ’
996 3378 1216 3441 ἔπειτα
1261 3376 1659 3442 Ποσειδάων
1704 3376 2110 3460 ἐνοσίχθων·

316 3481 551 3572 ,ζἨρη,
598 3485 686 3571 μὴ
731 3481 1080 3569 χαλέπαινε
1125 3479 1335 3570 παρὲκ
1378 3483 1569 3549 νόον·
1617 3481 1782 3548 οὐδέ
1821 3485 1893 3547 τί
1933 3498 2006 3547 σε
2050 3485 2197 3568 χρή.
