2525 3884
1062 197 1366 248 ΙΛΙΑΔοΣ
1401 199 1549 251 xm
2236 195 2313 260 11

293 340 543 402 ἔκλυον
587 336 1012 424 ἀμφοτέρων,
1060 337 1341 425 ἑτέροισι
1388 337 1461 406 δὲ
1503 342 1708 417 κῦδος
1751 341 2032 407 ἔδωκαν·

288 454 470 508 τοῖοι
513 446 867 528 Μηριόνης
908 466 979 509 τε
1022 443 1132 509 καὶ
1171 441 1543 528 Ἰδομενεὺς
1586 443 1738 529 ἀγοὶ
1782 446 2050 531 ἀνδρῶν

291 552 498 634 ἤισαν
542 549 608 626 ἐς
651 553 942 635 πόλεμον
985 550 1469 637 κεκορυθμένοι
1515 557 1751 618 αὔθοπι
1792 558 2030 641 χαλκῷ.
2210 569 2315 618 306

294 658 420 722 τὸν
465 654 576 721 καὶ
617 659 972 742 Μηριόνης
1014 661 1332 742 πρότερος
1375 659 1542 743 πρὸς
1585 664 1810 743 μῦθον
1855 662 2102 725 ἔειπεν·

294 763 748 846 ,,Δευκαλι’δη,
794 770 882 849 πῇ
925 758 986 827 τ’
1038 761 1121 848 ἄρ
1166 762 1456 848 μέμονας
1498 766 1862 830 καταδῦναι
1908 765 2200 849 ὅμιλον;’

293 866 341 953 ἦ
389 867 494 935 ἐπὶ
540 867 840 951 δεξιόφιν
882 870 1129 945 παντὸς
1173 880 1477 957 στρατοῦ,
1524 866 1566 954 ἦ
1611 871 1740 936 ἀνὰ
1784 869 2091 956 μέσσους,

291 971 341 1059 ἦ
387 968 487 1040 ἐπ’
538 975 994 1060 ἀριστερόφιν,
1044 973 1182 1040 ἐπεὶ
1227 977 1312 1040 οὔ
1354 982 1523 1042 ποθι
1567 978 1846 1061 ἔλπομαι
1891 978 2102 1054 οὕτως

295 1082 618 1147 δεύεσθαι
658 1080 972 1166 πολέμοιο
1016 1081 1185 1166 κάρη
1230 1085 1610 1166 κομόωντας
1650 1078 2012 1168 Ἀχαιούς.“
2203 1098 2307 1147 310

384 1189 504 1253 τὸν
548 1184 614 1252 δ’
674 1181 820 1253 αὖτ’
862 1184 1234 1272 Ἰδομενεὺς
1277 1191 1562 1273 Κρητῶν
1615 1189 1774 1273 ἀγὸς
1817 1189 2050 1255 ἀντίον
2103 1188 2310 1272 ηὔδα·

293 1291 540 1378 ,,νηυσὶ
585 1289 708 1378 μὲν
753 1293 827 1360 ἐν
871 1293 1192 1379 μέσσῃσιν
1237 1293 1518 1379 ἀμύνειν
1563 1293 1690 1360 εἰσὶ
1734 1293 1844 1360 καὶ
1890 1297 2102 1378 ἄλλοι,

297 1398 584 1476 Αἴαντές
623 1423 696 1465 τε
743 1399 883 1465 δύω
939 1395 1226 1486 Τεῦκρός
1268 1395 1368 1484 θ’,
1416 1399 1489 1477 ὃς
1534 1401 1799 1486 ἄριστος
1836 1396 2115 1486 Ἀχαιῶν

290 1506 639 1591 τοξοσύνῃ,
687 1505 942 1589 ἀγαθὸς
987 1503 1063 1572 δὲ
1105 1503 1216 1572 καὶ
1262 1506 1337 1573 ἐν
1381 1508 1618 1593 σταδίῃ
1663 1507 1938 1593 ὑσμίνῃ·

295 1614 368 1678 οἵ
405 1637 519 1698 μιν
565 1613 737 1694 ἅδην
783 1612 1020 1677 ἐλόωσι
1064 1610 1174 1678 καὶ
1218 1612 1588 1698 ἐσσύμενον
1631 1612 1968 1698 πολέμοιο,
2204 1628 2307 1678 315
2412 1674 2418 1681 .

297 1717 601 1804 [Ἕκτορα
648 1719 1051 1804 Πριαμίδην,
1098 1716 1209 1784 καὶ
1253 1721 1317 1784 εἰ
1355 1721 1530 1804 μάλα
1572 1723 1888 1806 καρτερός
1933 1719 2158 1801 ἐστιν.]

295 1826 454 1891 αἰπύ
498 1824 570 1890 οἰ
608 1824 913 1908 ἐσσεῖται,
956 1824 1128 1909 μάλα
1170 1846 1293 1910 περ
1339 1837 1628 1910 μεμαῶτι
1673 1827 2022 1912 μάχεσθαι,

294 1933 533 1997 κείνων
577 1933 923 2013 νικήσαντι
966 1930 1164 2014 με’νος
1207 1929 1319 1996 καὶ
1362 1942 1582 2016 χεῖρας
1627 1931 1916 2009 ἀάπτους

266 2046 455 2125 ,νῆας
501 2036 869 2122 ἐνιπρῆσαι,
916 2036 1025 2102 ὅτε
1069 2037 1157 2122 μὴ
1204 2036 1403 2115 αὐτός
1447 2061 1522 2120 γε
1567 2040 1882 2122 Κρονίων

294 2143 562 2227 ἐμβάλοι
609 2143 974 2227 αἰθόμενον
1020 2142 1227 2209 δαλὸν
1271 2145 1503 2227 νήεσσι
1546 2149 1814 2227 θοῇσιν.
2043 2164 2048 2168 ·
2200 2158 2304 2208 320

293 2248 489 2334 ἀνδρὶ
536 2246 616 2312 δε’
653 2244 713 2313 κ’
767 2248 889 2313 οὐκ
934 2246 1123 2326 εἴξειε
1166 2247 1371 2333 μέγας
1421 2248 1838 2332 Τελαμώνιος
1883 2254 2074 2332 Αἴας,

293 2356 365 2433 ὃς
406 2351 660 2439 θνητός
703 2350 759 2418 τ’
812 2359 911 2437 εἴη
957 2353 1067 2419 καὶ
1112 2356 1254 2420 ἔδοι
1299 2356 1689 2439 Δημήτερος
1732 2354 1957 2438 ἀκτήν,

290 2467 504 2551 χαλκῷ
549 2484 620 2526 τε
665 2459 901 2546 ῥηκτὸς
944 2460 1294 2545 μεγάλοισί
1329 2483 1400 2525 τε
1442 2461 1915 2546 χερμαδίοισιν.

292 2562 437 2635 οὐδ’
487 2566 572 2633 ἂν
610 2560 895 2651 Ἀχιλλῆι
941 2565 1254 2652 ῥηξήνορι
1298 2569 1658 2652 χωρήσειεν

292 2677 365 2739 ἔν
403 2667 469 2757 γ’
520 2673 947 2759 αὐτοσταδίῃ·
990 2669 1146 2737 ποσὶ
1192 2666 1256 2737 δ’
1308 2672 1391 2737 οὔ
1432 2694 1573 2749 πως
1619 2675 1800 2738 ἔστιν
1845 2672 2097 2758 ἐρίζειν.
2192 2690 2297 2740 326

291 2790 458 2845 νῶιν
505 2776 567 2843 δ’
620 2773 739 2843 ὧδ’
792 2776 893 2844 ἐπ’
947 2775 1233 2863 ἀριστέρ’
1288 2781 1392 2863 ἔχε
1437 2788 1755 2864 στρατοῦ,
1811 2780 1990 2864 ὄφρα
2032 2779 2301 2863 τάχιστα

290 2887 571 2970 εἴδομεν,
614 2883 697 2968 ἠέ
734 2907 827 2972 τφ
873 2879 1064 2969 εὖχος
1105 2883 1419 2969 ὀρέξομεν
1464 2880 1546 2969 ἦέ
1582 2907 1682 2962 τις
1725 2884 1949 2970 ἡμῖν.“

375 2986 464 3069 ὧς
508 2990 700 3075 φάτο,
747 2993 1098 3074 Μηριόνης
1142 2987 1217 3056 δὲ
1261 2998 1409 3079 θοῷ
1454 2991 1816 3069 ἀτάλαντος
1839 2990 2035 3077 ’Ἀρηι

287 3091 433 3183 ἦρχ’
467 3103 637 3181 ἴμεν,
677 3094 832 3181 ὄφρ’
867 3097 1186 3181 ἀφίκοντο
1221 3098 1386 3162 κατὰ
1413 3099 1716 3183 στρατόν,
1756 3088 1800 3183 ᾗ
1841 3122 1958 3183 μιν
1993 3097 2297 3183 ἀνώγειν.

373 3203 445 3268 οἰ
484 3197 547 3268 δ’
597 3203 688 3279 ὡς
724 3196 1065 3288 Ἰδομενῆα
1110 3204 1260 3268 ἴδον
1306 3201 1509 3288 φλογὶ
1553 3208 1810 3270 εἴκελον
1854 3204 2085 3287 ἀλκήν,
2192 3221 2299 3269 330

286 3308 487 3376 αὐτὸν
530 3307 643 3374 καὶ
686 3309 1088 3394 θεράποντα,
1135 3311 1264 3374 σὺν
1311 3312 1525 3375 ἔντεσι
1573 3309 2048 3393 δαιδαλέοισιν,

283 3418 662 3501 κεκλόμενοι
707 3412 865 3480 καθ’
916 3416 1152 3500 ὅμιλον
1197 3408 1299 3480 ἐπ’
1348 3415 1525 3503 αὐτῷ
1569 3416 1811 3491 πάντες
1854 3418 2117 3496 ἔβησαν.

286 3531 414 3587 τῶν
460 3519 524 3586 δ’
576 3521 744 3606 ὁμὸν
789 3521 1011 3586 ἵστατο
1058 3530 1278 3596 νεῖκος
1324 3518 1431 3584 ἐπὶ
1474 3528 1812 3604 πρυμνῇσι
1854 3516 2136 3578 νέεσσιν.
