2525 3884
231 165 357 231 106
1026 169 1326 221 ΙΑΙΑΔοΣ
1361 170 1421 221 P.

227 317 442 395 λαοῖς,
489 311 560 377 ἐκ
606 308 680 377 δὲ
724 312 893 388 Διὸς
935 312 1088 395 τιμὴ
1131 309 1242 376 καὶ
1286 312 1488 388 κῦδος
1532 310 1781 395 ὀπηδεῖ.

230 413 555 501 ἀργαλέον
602 415 681 482 δέ
721 420 841 500 μοί
880 416 1017 482 ἐστι
1064 418 1580 483 διασκοπιᾶσθαι
1625 416 1902 483 ἕκαστον

227 522 599 606 ἡγεμόνων·
642 525 844 606 τόσση
890 524 1017 608 γὰρ
1065 525 1202 608 ἔρις
1245 522 1560 607 πολέμοιο
1608 522 1862 606 δέδηεν.

230 626 395 693 ἀλλά
436 650 537 706 τις
582 628 780 705 αὐτὸς
825 634 968 712 ἴτω,
1014 627 1453 712 νεμεσιζέσθω
1501 625 1562 692 δ’
1607 626 1708 693 ένὶ
1754 630 1951 716 θυμῷ

230 732 624 817 Πάτροκλον
677 730 940 820 Τρςόῃσι
983 729 1179 798 κυσὶν
1224 731 1573 818 μέλπηθρα
1616 732 1996 816 γενέσθαι.“
2084 814 2093 830 ·
2130 749 2252 799 255

309 834 408 916 ,ὧς
443 835 658 923 ἔφατ’,
704 837 822 916 ὀξὺ
868 834 929 903 δ’
970 840 1256 903 ἄκουσεν
1297 836 1546 922 Ὀιλῆος
1589 842 1788 923 ταχὺς
1832 844 2030 921 Αἴας,

230 956 488 1031 πρῶτος
533 942 594 1010 δ’
639 944 861 1023 ἀντίος
903 940 1072 1029 ἦλθε
1116 943 1299 1010 θέων
1345 944 1470 1010 ἀνὰ
1517 946 1852 1028 δηιοτῆτα·

229 1052 349 1115 τὸν
395 1047 469 1116 δὲ
513 1044 649 1133 μετ’
694 1046 1065 1134 Ἰδομενεὺς
1105 1047 1216 1115 καὶ
1262 1049 1491 1115 ὀπάων
1530 1047 1904 1134 Ἰδομενῆος

232 1156 614 1241 Μηριόνης,
661 1155 1018 1234 ἀτάλαντος
1062 1155 1347 1244 ένυαλίω
1392 1155 1856 1240 ἀνδρεϊφόντῇ.

231 1273 365 1327 τῶν
403 1257 465 1326 δ’
506 1262 728 1327 ἄλλων
770 1265 870 1339 τίς
910 1285 1026 1328 κεν
1069 1252 1184 1349 ᾖσι
1227 1259 1469 1352 φρεσὶν
1516 1258 1826 1345 οὐνόματ’
1861 1268 2062 1344 εἴποι,
2131 1277 2253 1328 260

234 1369 423 1434 ὅσσοι
469 1368 552 1452 δὴ
597 1370 955 1453 μετόπισθε
999 1369 1214 1454 μάχην
1257 1370 1532 1453 ἤγειραν
1570 1363 1875 1451 :naccam

330 1478 548 1559 Τρῶες
593 1471 667 1539 δὲ
711 1475 1103 1559 προύτυψαν
1148 1472 1439 1556 ἀολλέες,
1484 1469 1643 1558 ἦρχε
1691 1471 1754 1538 δ’
1794 1470 1898 1560 ἄρ’
1936 1472 2221 1561 Ἕκτωρ.

234 1580 323 1656 ὡς
369 1574 431 1643 δ’
473 1576 566 1645 ὅτ’
622 1577 727 1644 ἐπὶ
748 1588 1090 1665 προχοῇσι
1137 1577 1458 1656 διιπετέος
1498 1589 1821 1664 ποταμοῖο

234 1683 556 1770 βέβρυχεν
601 1684 765 1768 μέγα
807 1693 981 1769 κῦμα
1023 1683 1174 1750 ποτὶ
1219 1684 1413 1770 ῥόον,
1459 1683 1630 1770 ἀμφὶ
1676 1683 1757 1751 δέ
1793 1682 1851 1750 τ’
1905 1686 2099 1772 ἄκραι

234 1791 455 1875 ἠιόνες
498 1792 787 1874 βοόωσιν
832 1790 1270 1876 ἐρευγομένης
1314 1789 1471 1868 ἀλὸς
1515 1794 1667 1875 ἔξω,
1853 1846 1856 1849 .
2134 1807 2254 1859 265

234 1901 439 1983 τόσσῃ
485 1897 614 1981 ἄρα
666 1901 884 1982 Τρῶες
930 1899 1078 1981 ἰαχῇ
1125 1902 1296 1962 ἴσαν.
1386 1896 1593 1983 αὐτὰρ
1632 1895 1881 1982 Ἀχαιοὶ

237 2003 519 2069 ἕστασαν
564 1999 733 2088 ἀμφὶ
777 2003 1188 2088 Μενοιτιάδῃ
1234 2002 1355 2068 ἕνα
1396 2004 1622 2087 θυμὸν
1668 2006 1960 2088 ἔχοντες,
2061 2040 2066 2045 ·

238 2106 650 2194 φραχθέντες
693 2108 962 2174 σάκεσιν
1004 2111 1418 2194 χαλκήρεσιν.
1508 2106 1677 2194 ἀμφὶ
1723 2103 1786 2173 δ’
1828 2111 1958 2194 ἄρα
2002 2125 2167 2192 σφιν

239 2220 613 2301 λαμπρῇσιν
657 2198 1022 2299 κορύθεσσι
1066 2218 1380 2301 Κρονίων
1422 2211 1584 2298 ἠέρα
1628 2215 1881 2298 πολλὴν

240 2317 412 2406 χεῦ’,
459 2318 597 2386 ἐπεὶ
642 2318 800 2388 οὐδὲ
843 2320 1300 2405 Μενοιτιάδην
1343 2322 1624 2405 ἤχθαιρε
1639 2320 1875 2430 ’πάρος
1916 2343 2021 2404 γε,
2136 2336 2257 2388 270

240 2428 417 2512 ὄφρα
464 2427 622 2504 ζωὸς
665 2426 794 2492 έὼν
838 2427 1152 2512 θεράπων
1195 2422 1282 2510 ῆν
1326 2427 1680 2491 Αἰακίδαο’

239 2535 516 2617 μίσησεν
562 2526 622 2597 δ’
663 2533 791 2619 ἄρα
836 2557 951 2616 μιν
997 2534 1205 2616 δηίων
1249 2529 1404 2598 κυσὶ
1448 2533 1666 2618 κύρμα
1711 2529 2028 2616 γενέσθαι

248 2635 580 2726 Τρῴῃσιν·
622 2646 715 2727 τῷ
761 2639 878 2703 καί
916 2639 986 2703 οἰ
1024 2636 1356 2722 ἀμυνέμεν
1403 2633 1616 2723 ὦρσεν
1664 2636 1980 2723 ἑταίρους.

330 2739 511 2809 ὦσαν
558 2739 633 2809 δὲ
675 2745 986 2828 πρότεροι
1037 2748 1256 2830 Τρῶες
1302 2742 1622 2821 ἑλίκωπας
1659 2742 1986 2829 Ἀχαιούς·

241 2851 481 2935 νεκρὸν
520 2846 593 2916 δὲ
627 2850 1058 2935 προλιπόντες
1083 2847 1477 2935 ὑπέτρεσαν,
1522 2848 1686 2916 οὐδέ
1723 2847 1848 2916 τιν’
1885 2849 2103 2915 αὐτῶν
2140 2866 2258 2918 2⁷5

247 2960 466 3042 Τρῶες
507 2954 887 3040 ὑπέρθυμοι
930 2954 1086 3022 ἕλον
1130 2958 1390 3041 ἔγχεσιν
1437 2954 1690 3041 ἱέμενοί
1727 2978 1878 3043 περ,

241 3062 406 3127 ἀλλὰ
447 3059 651 3127 νέκυν
696 3061 990 3147 ἐρύοντο.
1081 3065 1382 3147 μίνυνθα
1428 3060 1502 3129 δὲ
1544 3060 1656 3129 καὶ
1698 3072 1819 3128 τοῦ
1860 3057 2102 3146 Ἀχαιοὶ

241 3166 484 3253 μέλλον
530 3165 961 3234 ἀπέσσεσθαι·
1008 3169 1179 3252 μάλα
1225 3169 1352 3254 γάρ
1399 3186 1606 3253 σφεας
1651 3161 1765 3234 ὦκ’
1808 3166 2091 3246 ἐλέλιξεν

241 3280 440 3357 Αἶας,
487 3274 560 3352 ὃς
603 3271 752 3357 περὶ
797 3271 919 3359 μὲν
964 3270 1172 3359 εἶδος,
1217 3273 1367 3355 περὶ
1415 3269 1478 3339 δ’
1520 3277 1680 3361 ἔργα
1721 3274 1986 3341 τέτυκτο

241 3392 376 3445 τῶν
420 3381 641 3446 ἄλλων
685 3385 976 3446 Δαναῶν
1020 3376 1158 3465 μετ’
1199 3381 1506 3466 ἀμύμονα
1551 3384 1919 3465 Πηλεΐωνα.
2144 3395 2256 3473 280

243 3491 483 3552 ἴθυσεν
529 3483 603 3552 δὲ
649 3487 760 3551 διὰ
803 3486 1159 3573 προμάχων
1204 3489 1324 3553 συῒ
1363 3491 1608 3563 εἴκελος
1652 3486 1860 3572 ἀλκὴν

2497 3268 2505 3543 5
