2525 3884
309 179 397 244 50
1098 180 1402 232 ΙΑΙΑΔΟΣ
1438 181 1501 232 o.

307 320 350 405 ἢ
394 315 636 408 πέφατ’
687 320 730 405 ἢ
773 320 886 387 καὶ
921 324 1140 388 ἔπειτα
1181 323 1574 407 πεφήσεται·
1619 319 1947 407 ἀργαλέον
1991 317 2066 387 δὲ
2210 338 2319 388 140

306 427 574 493 πάντων
617 426 998 512 ἀνθρώπων
1043 427 1296 513 ῥῦσθαι
1336 429 1576 511 γενεήν
1617 450 1690 493 τε
1733 429 1932 494 τόκον
1974 429 2108 494 τε.“

398 525 485 609 ὧς
529 528 783 598 είποῦσ’
834 533 1065 619 ἵδρυσε
1108 535 1341 620 θρόνῳ
1388 535 1490 598 ἔνι
1532 539 1795 617 θοῦρον
1821 531 2053 618 ’Ἁρηα.

293 633 470 722 Ἥρη
518 633 582 702 δ’
627 634 1005 705 Ἀπόλλωνα
1045 637 1411 705 καλέσσατο
1457 639 1759 724 δώματος
1802 637 1987 716 ἐκτὸς

301 731 465 827 Ἶρίν
507 739 611 828 θ’,
655 744 698 828 ἥ
740 767 812 810 τε
854 751 1076 810 θεοῖσι
1119 744 1514 828 μετάγγελος
1556 743 2018 828 ἀθανάτοισιν,

305 851 424 912 καί
463 865 670 934 σφεας
713 845 1064 934 φωνήσασ’
1117 852 1274 917 ἔπεα
1316 852 1673 933 πτερόεντα
1714 851 2083 934 προσηύδα·
2207 866 2315 916 145

308 955 522 1035 »Ζεὺς
567 955 716 1039 σφὼ
761 957 854 1032 εἰς
879 953 1072 1040 Ἴδην
1113 949 1318 1021 κέλετ’
1368 954 1649 1040 ἐλθέμεν
1693 956 1833 1021 ὅττι
1874 955 2167 1041 τάχιστα·

309 1057 517 1140 αὐτὰρ
561 1058 726 1144 ἐπὴν
770 1063 1008 1144 ἔλθητε
1050 1063 1219 1138 Διός
1261 1055 1322 1126 τ’
1373 1063 1468 1138 εἰς
1511 1056 1656 1127 ὦπα
1702 1064 1964 1145 ἴδησθε,

309 1165 549 1247 ἔρδειν,
596 1166 735 1231 ὅττι
777 1189 851 1233 κε
893 1176 1113 1244 κεῖνος
1155 1165 1485 1253 ἐποτρύνῃ
1529 1165 1641 1233 καὶ
1683 1167 1974 1253 ἀνώγῃ.“

394 1268 437 1353 ἡ
481 1266 605 1354 μὲν
647 1266 754 1358 ἄρ’
805 1267 894 1350 ὧς
939 1275 1215 1338 εἰποῦσα
1257 1273 1461 1339 πάλιν
1504 1277 1606 1339 κίε
1648 1275 1888 1338 πότνια
1916 1270 2112 1358 ”Ηρη,

309 1373 481 1454 ἕζετο
529 1372 593 1440 δ’
643 1375 769 1442 εἰνὶ
812 1381 1069 1467 θρόνῳ·
1111 1378 1203 1443 τὼ
1251 1374 1314 1442 δ’
1364 1377 1625 1457 ἀίξαντε
1668 1376 2022 1460 πετέσθην.
2205 1394 2313 1444 150

290 1478 482 1564 Ἴδην
528 1476 591 1547 δ’
641 1482 874 1549 ἵκανον
917 1485 1354 1566 πολυπίδακα,
1400 1483 1647 1569 μητέρα
1690 1491 1948 1571 θηρῶν,
2267 1476 2276 1491 “

309 1580 510 1672 εὗρον
555 1585 617 1652 δ’
668 1591 961 1675 εὐρύοπα
1003 1591 1351 1673 Κρονίδην
1396 1589 1523 1654 ἀνὰ
1566 1590 1893 1677 Γαργάρῳ
1937 1590 2117 1678 ἄκρῳ

307 1693 579 1777 ἥμενον·
624 1693 796 1779 ἀμφὶ
839 1693 919 1760 δέ
957 1718 1096 1780 μιν·
1116 1698 1331 1761 θυόεν
1373 1693 1579 1780 νέφος
1622 1696 2060 1781 ἐστεφάνωτο.

307 1799 397 1863 τὼ
445 1795 519 1863 δὲ
562 1796 834 1883 πάροιθ’
884 1799 1162 1867 ἐλθόντε
1204 1802 1374 1877 Διὸς
1417 1800 1935 1888 νεφεληγερέταο

310 1908 577 1991 στήτην·
624 1906 788 1972 οὐδέ
828 1925 1011 1992 σφωε
1058 1907 1222 1973 ἰδὼν
1266 1906 1635 1992 ἐχολώσατο
1679 1909 1902 1996 θυμῷ,
2208 1922 2311 1974 155

310 2013 447 2078 ὅττι
493 2013 564 2077 οἰ
604 2007 718 2078 ὦκ’
771 2011 1029 2078 ἐπέεσσι
1074 2018 1274 2097 φίλης
1319 2013 1585 2098 ἀλόχοιο
1628 2011 1991 2097 πυθέσθην.

300 2109 464 2202 Ἶριν
509 2116 583 2184 δὲ
626 2118 956 2205 προτέρην
1000 2121 1157 2185 ἔπεα
1198 2121 1555 2203 πτερόεντα
1597 2119 1944 2205 προσηύδα
1958 2137 1974 2154 ·

310 2219 543 2308 ,,βάσκ’
595 2230 729 2309 ἴθι,
764 2216 887 2311 Ἷρι
929 2234 1182 2310 ταχεῖα,
1228 2224 1651 2291 Ποσειδάωνι
1694 2226 1924 2290 ἄνακτι

309 2329 521 2395 πάντα
564 2326 708 2395 τάδ’
758 2331 1082 2415 ἀγγεῖλαι,
1128 2326 1297 2416 μηδὲ
1340 2331 1789 2415 ψευδάγγελος
1831 2325 2018 2397 εἶναι.

310 2435 735 2519 παυσάμενόν
778 2461 895 2520 μιν
938 2437 1197 2521 ἄνωχθι
1242 2436 1452 2521 μάχης
1492 2432 1613 2520 ἠδὲ
1655 2435 2003 2522 πτολέμοιο
2202 2452 2308 2504 160
2409 2502 2424 2511 ,
2509 2490 2510 2501 ,

313 2543 627 2626 ἔρχεσθαι
670 2541 830 2624 μετὰ
873 2546 1053 2625 φῦλα
1088 2546 1272 2607 θεῶν
1317 2541 1359 2624 ’ἢ
1407 2544 1500 2619 εἰς
1544 2542 1670 2607 ἅλα
1717 2543 1887 2607 δῖαν.

312 2649 375 2712 εἰ
417 2645 496 2711 δέ
534 2668 649 2729 μοι
693 2645 816 2710 οὐκ
858 2640 1109 2710 ἐπέεσσ’
1159 2646 1586 2730 ἐπιπείσεται,
1632 2643 1774 2712 ἀλλ’
1826 2646 2166 2730 ἀλογήσει,

313 2750 664 2837 φραζέσθω
711 2751 793 2833 δὴ
841 2753 1059 2817 ἔπειτα
1101 2754 1264 2817 κατὰ
1308 2751 1522 2839 φρένα
1564 2751 1678 2819 καὶ
1717 2754 1882 2817 κατὰ
1924 2753 2183 2835 θυμόν,

312 2859 401 2942 μή
446 2853 514 2942 μ’
567 2854 725 2924 οὐδὲ
768 2858 1081 2941 κρατερός
1121 2878 1244 2942 περ
1290 2856 1421 2923 ἐὼν
1464 2855 1731 2924 ἐπιόντα
1765 2856 2055 2942 ταλάσσῃ

311 2973 566 3047 μεῖναι,
611 2963 757 3028 ἐπεί
795 2962 872 3028 εὔ
917 2985 1088 3046 φημι
1132 2965 1245 3047 βίῃ
1288 2965 1462 3028 πολὺ
1509 2962 1825 3050 φέρτερος
1874 2957 2047 3028 εἶναι
2207 2958 2338 3030 165

312 3068 424 3135 καὶ
466 3077 659 3153 γενεῇ
702 3071 1047 3153 πρότερος,
1090 3076 1212 3134 τοῦ
1258 3063 1321 3133 δ’
1372 3069 1495 3135 οὐκ
1538 3071 1769 3136 ὄθεται
1813 3071 2014 3155 φίλον
2056 3062 2219 3154 ἦτορ

315 3169 466 3241 ἶσον
511 3171 657 3258 ἐμοὶ
701 3174 992 3257 φάσθαι,
1036 3176 1156 3239 τόν
1199 3195 1271 3240 τε
1317 3173 1668 3257 στυγέουσι
1710 3172 1823 3240 καὶ
1865 3173 2118 3240 ἄλλοι.“

402 3273 490 3357 ὧς
535 3276 751 3363 ἔφατ’,
797 3276 943 3343 οὐδ’
999 3276 1286 3362 ἀπίθησε
1328 3280 1699 3364 ποδήνεμος
1744 3279 1913 3346 ὠκέα
1947 3269 2134 3364 Ἶρις,

313 3388 398 3470 βῆ
445 3382 519 3450 δὲ
562 3379 702 3450 κατ’
748 3378 1006 3449 Ἰδαίων
1051 3382 1261 3467 ὀρέων
1307 3386 1402 3461 εἰς
1427 3382 1639 3450 Ἴλιον
1686 3386 1854 3471 ἱρήν.
2349 3470 2354 3473 ,

312 3491 404 3569 ὡς
439 3487 501 3556 δ’
554 3483 649 3557 ὅτ’
699 3487 784 3555 ἂν
827 3487 901 3554 ἐκ
942 3488 1203 3573 νεφέων
1238 3498 1474 3574 πτῆται
1516 3491 1717 3577 νιφὰς
1757 3486 1834 3573 ἠὲ
1875 3491 2121 3575 χάλαζα
2213 3505 2318 3557 1ῖο
