2525 3884
987 221 1290 272 ΙΛῙΑΔΟΣ
1325 222 1519 272 XXIV.
1569 260 1584 275 x
2135 216 2264 281 241

261 362 469 447 αὐτὰρ
524 358 854 451 Ἀχιλλεύς
901 362 1038 427 ἐστι
1082 370 1246 440 θεᾶς
1290 366 1516 446 γόνος,
1563 363 1648 446 ἣν
1695 362 1820 446 ἐγὼ
1869 362 2034 445 αὐτὴ

251 467 476 553 θρέψοι
521 492 590 534 τε
637 467 748 534 καὶ
794 468 1063 552 ἀτίτηλα
1107 467 1218 534 καὶ
1263 468 1462 554 ἀνδρὶ
1504 473 1719 554 πόρον
1763 469 2153 553 παράκοιτιν
2199 483 2270 533 60

252 573 496 659 Πηλέι,
542 575 616 652 ὃς
659 572 808 660 περὶ
852 582 1006 660 κῆρι
1049 578 1245 660 φίλος
1289 572 1498 658 γένετ’
1542 560 2030 641 ἀθανάτοισιν(

251 682 491 757 πάντες
536 675 598 745 δ’
651 679 1040 764 ἀντιάασθε,
1085 683 1270 764 θεοί,
1316 680 1564 765 γάμου·
1611 680 1685 746 έν
1732 677 1806 746 δὲ
1850 683 1937 745 σὺ
1980 691 2193 745 τοῖσιν

256 784 478 853 δαίνυ’
525 789 695 871 ἔχων
742 789 1109 872 φόρμιγγα,
1157 798 1379 853 κακῶν
1424 784 1634 874 ἕταρ’,
1680 783 1825 853 αἰὲν
1872 787 2160 851 ἅπιστε.“

339 893 463 977 τὴν
511 887 572 958 δ’
622 891 1142 978 ἀπαμειβόμενος
1195 892 1497 980 προσέφη
1546 890 2028 979 νεφεληγερέτα
2075 892 2268 968 Ζεύς·

253 997 489 1084 ,ξἨρη,
536 999 623 1082 μὴ
671 999 754 1082 δὴ
799 1000 1070 1084 πάμπαν
1115 999 1610 1084 ἀποσκύδμαινε
1655 1007 1946 1066 θεοῖσιν·
2198 1013 2270 1062 65

255 1105 338 1170 οὐ
383 1101 505 1188 μὲν
549 1106 676 1189 γὰρ
721 1107 875 1190 τιμή
919 1129 995 1189 γε
1040 1103 1138 1190 μί’
1183 1108 1466 1173 ἔσσεται·
1515 1107 1681 1171 ἀλλὰ
1723 1104 1834 1171 καὶ
1876 1103 2129 1190 Ἕκτωρ

255 1215 565 1295 φίλτατος
611 1212 758 1274 ἔσκε
803 1216 1025 1275 θεοῖσι
1069 1214 1359 1295 βροτῶν,
1409 1214 1480 1275 οἳ
1519 1211 1592 1276 έν
1632 1206 1803 1298 Ἰλίῳ
1850 1211 2045 1275 εἰσίν·

254 1312 344 1394 ὧς
387 1318 514 1402 γὰρ
561 1315 713 1400 ἐμοί
748 1313 841 1400 γ’,
889 1314 1027 1382 ἐπεὶ
1074 1316 1156 1381 οὔ
1200 1340 1263 1381 τι
1311 1319 1528 1401 φίλων
1571 1315 1906 1402 ἡμάρτανε
1953 1317 2207 1400 δώρων.

254 1423 338 1489 οὐ
381 1422 508 1506 γάρ
555 1424 678 1505 μοί
712 1443 873 1487 ποτε
916 1423 1137 1507 βωμὸς
1182 1422 1443 1488 ἐδεύετο
1492 1423 1716 1498 δαιτὸς
1760 1423 1970 1505 ἐίσης,

256 1528 484 1612 λοιβῆς
526 1551 597 1592 τε
640 1530 872 1610 κνίσης
917 1548 1008 1593 τε·
1054 1529 1130 1593 τὸ
1176 1530 1303 1612 γὰρ
1351 1528 1635 1613 λάχομεν
1679 1527 1877 1613 γέρας
1920 1527 2120 1612 ἡμεῖς.
2200 1543 2267 1591 70

256 1630 399 1700 ἀλλ’
441 1629 483 1717 ἦ
528 1656 632 1699 τοι
677 1632 913 1711 κλέψαι
958 1629 1080 1717 μὲν
1126 1634 1406 1719 ἐάσομεν
1440 1672 1516 1681 -
1551 1633 1715 1699 οὐδέ
1754 1655 1845 1720 πῃ
1893 1637 2072 1698 ἔστιν

256 1741 476 1825 λάθρῃ
528 1737 865 1825 Ἀχιλλῆος
905 1775 982 1788 —-
1024 1742 1292 1824 θρασὺν
1337 1737 1645 1825 Ἕκτορα·
1690 1736 1733 1824 ἦ
1778 1741 1907 1824 γάρ
1954 1741 2025 1806 οἱ
2064 1738 2192 1805 αἰεὶ

258 1850 468 1932 μήτηρ
512 1845 1031 1929 παρμέμβλωκεν
1076 1845 1250 1929 ὁμῶς
1295 1847 1538 1923 νύκτας
1580 1870 1651 1911 τε
1695 1844 1806 1911 καὶ
1850 1842 2045 1930 ἦμαρ.

257 1947 401 2019 ἀλλ’
442 1957 511 2018 εἴ
544 1974 644 2028 τις
687 1950 980 2017 καλέσειε
1022 1957 1206 2017 θεῶν
1253 1951 1449 2018 Θέτιν
1494 1947 1703 2018 ἆσσον
1750 1951 1956 2037 ἐμεῖο,

258 2063 439 2145 ὄφρα
482 2061 553 2123 τί
593 2058 663 2123 οἱ
703 2063 861 2123 εἴπω
906 2059 1190 2124 πυκινὸν
1236 2061 1421 2142 ἔπος,
1467 2058 1557 2134 ὥς
1599 2082 1715 2123 κεν
1768 2053 2098 2142 Ἀχιλλεὺς
2201 2070 2268 2119 75

260 2164 497 2246 δώρων
543 2163 614 2230 ἐκ
659 2165 992 2250 Πριάμοιο
1039 2165 1202 2249 λάχῃ
1250 2163 1379 2229 ἀπό
1424 2158 1498 2229 θ’
1532 2162 1814 2247 Ἕκτορα
1859 2163 2092 2247 λύσῃ.“

350 2264 436 2347 ὦς
481 2264 692 2353 ἔφατ’,
739 2266 910 2353 ὦρτο
959 2266 1034 2335 δὲ
1070 2261 1228 2357 Ἰρις
1275 2269 1592 2346 ἀελλόπος
1636 2267 2071 2353 ἀγγελέουσα,

256 2376 589 2459 μεσσηγὺς
635 2373 709 2440 δὲ
753 2376 992 2459 Σάμου
1034 2398 1105 2441 τε
1148 2373 1259 2440 καὶ
1287 2373 1568 2461 Ἴμβρου
1612 2373 2097 2457 παιπαλοέσσης

259 2484 501 2568 ἔνθορε
546 2483 805 2564 μείλανι
847 2484 1097 2569 πόντῳ·
1144 2481 1622 2566 ἐπεστονάχησε
1670 2478 1743 2547 δὲ
1788 2483 2007 2565 λίμνη.

256 2587 299 2670 ἡ
347 2582 422 2652 δὲ
466 2587 877 2671 μολυβδαίνῃ
926 2586 1104 2670 ἰκέλη
1154 2586 1221 2665 ές
1264 2588 1520 2670 βυσσὸν
1565 2589 1877 2672 ὄρουσεν,
2197 2601 2268 2651 80

255 2693 300 2776 ἦ
342 2715 414 2758 τε
457 2689 599 2758 κατ’
643 2691 1004 2777 ἀγραύλοιο
1050 2694 1206 2776 βοὸς
1249 2692 1443 2778 κε’ρας
1488 2693 1846 2778 ἐμβεβαυῖα
2033 2701 2041 2707 ’

257 2801 513 2883 ἔρχεται
561 2799 941 2883 ὠμηστῇσιν
987 2795 1087 2864 ἐπ’
1132 2800 1364 2883 ἰχθύσι
1406 2808 1575 2884 κῆρα
1620 2798 1935 2885 φέρουσα.

257 2900 409 2989 εὗρε
456 2898 517 2970 δ’
561 2903 661 2997 ἐνὶ
707 2914 865 2988 σπῆι
910 2910 1232 2992 γλαφυρῷ
1282 2904 1507 2988 Θέτιν,
1553 2903 1723 2990 ἀμφὶ
1770 2903 1849 2970 δέ
1886 2898 1945 2969 τ’
1988 2905 2179 2970 ἄλλαι

256 3006 434 3076 εἵαθ’
480 3010 828 3096 ὁμηγερέες
874 3011 1054 3075 ἅλιαι
1096 3013 1287 3076 θεαί·
1331 3010 1373 3093 ἡ
1420 3007 1481 3075 δ’
1527 3009 1627 3076 ένὶ
1671 3009 1915 3096 μέσσῃς

253 3120 440 3181 κλαῖε
484 3119 693 3203 μόρον
741 3112 823 3182 οὗ
867 3117 1102 3193 παιδὸς
1146 3116 1519 3201 ἀμύμονος,
1567 3116 1641 3193 ὅς
1685 3116 1757 3181 ol
1796 3119 2063 3202 ἔμελλεν
2195 3134 2266 3183 85

254 3220 580 3307 φθίσεσθ’
624 3223 698 3288 ἐν
750 3225 954 3307 Τροίῃ
1003 3222 1381 3307 ἐριβώλακι,
1427 3225 1667 3305 τηλόθι
1710 3223 1978 3307 πάτρης.

255 3328 464 3412 ἀγχοῦ
511 3324 572 3393 δ’
619 3326 932 3413 ἱσταμένη
979 3327 1284 3413 προσέφη
1330 3329 1540 3405 πόδας
1586 3326 1757 3394 ὠκέα
1792 3320 1975 3412 Ἶρις·

254 3435 496 3520 ,,ὄρσο,
545 3431 723 3499 Θέτι·
767 3432 986 3499 καλέει
1033 3434 1200 3510 Ζεὺς
1244 3435 1501 3517 ἄφθιτα
1545 3434 1755 3518 μήδεα
1802 3434 2055 3508 είδώς.“

252 3542 375 3624 τὴν
424 3537 486 3606 δ’
527 3536 813 3625 ἠμείβετ’
860 3542 1079 3633 ἔπειτα
1121 3539 1283 3622 θεά,
1331 3537 1519 3614 Θέτις
1565 3537 2000 3622 ἀργυρόπεζα·

358 3656 558 3695 Eoum
582 3654 735 3694 nm.
762 3652 824 3692 11.
1881 3641 1946 3688 16
