2525 3884
332 215 421 279 68
1139 215 1440 269 ΙΔΙΑΔΟΣ
1478 218 1542 270 ο.

334 355 602 424 ἄντεσθ’
657 360 730 426 ἐν
773 358 1061 447 πολέμῳ·
1109 352 1196 436 ὧς
1241 356 1617 442 ἐσσυμένως
1664 357 2000 443 ἐμάχοντο.

333 474 505 530 τοῖσι
551 463 625 531 δὲ
669 463 1185 552 μαρναμένοισιν
1231 461 1333 530 ὅδ’
1385 459 1471 547 ἦν
1515 466 1703 542 νόος·
1747 459 1789 547 ἦ
1836 486 1939 529 τοι
1969 457 2218 548 Ἀχαιοὶ

336 570 459 635 οὐκ
503 572 758 654 ἔφασαν
803 569 1163 655 φεύξεσθαι
1206 565 1374 634 ὑπὲκ
1415 577 1642 651 κακοῦ,
1690 567 1833 635 ἀλλ’
1886 567 2216 651 ὀλέεσθαι,
2231 586 2356 635 '¹100

343 674 604 761 Τρωσὶν
650 674 712 743 δ’
764 679 989 742 ἔλπετο
1034 676 1252 760 θυμὸς
1297 672 1397 740 ἐνὶ
1441 677 1802 759 στήθεσσιν
1845 671 2124 740 ἑκάστου

333 788 498 864 νῆας
543 781 920 867 ἐνιπρήσειν
964 779 1251 846 κτενέειν
1295 776 1368 845 θ’
1420 780 1639 864 ἥρωας
1677 774 1991 864 Ἀχαιούς.

426 887 497 951 οί
535 883 656 971 μὲν
698 889 780 951 τὰ
824 884 1222 972 φρονέοντες
1266 884 1633 970 ἐφέστασαν
1678 884 2086 969 ἀλλήλοισιν·

322 987 574 1076 Ἕκτωρ
622 988 694 1056 δὲ
737 992 1039 1076 πρύμνης
1081 991 1230 1066 νεὸς
1274 991 1487 1074 ἥψατο
1531 993 1992 1076 ποντοπόροιο,

220 1177 227 1184 ·
335 1100 538 1180 καλῆς
583 1096 907 1180 ὠκυάλου,
952 1097 995 1180 ἢ
1041 1099 1513 1183 Πρωτεσίλαον
1557 1098 1809 1161 ἔνεικεν
2235 1116 2351 1166 '¹105

336 1202 403 1279 ἐς
452 1204 722 1287 Τροίην,
769 1201 911 1269 οὐδ’
964 1197 1147 1278 αὖτις
1191 1201 1484 1285 ἀπήγαγε
1527 1202 1811 1286 πατρίδα
1853 1214 2067 1285 γαῖαν.

336 1316 457 1373 τοῦ
498 1329 620 1393 περ
667 1310 749 1393 δὴ
794 1306 943 1396 περὶ
985 1309 1146 1392 νηὸς
1184 1302 1438 1393 Ἀχαιοί
1473 1328 1543 1373 τε
1586 1305 1803 1393 Τρῶές
1845 1330 1917 1373 τε

340 1411 549 1499 δῄουν
595 1414 918 1497 ἀλλήλους
961 1414 1365 1498 αὐτοσχεδόν
1381 1433 1397 1449 ·
1443 1406 1590 1478 οὐδ’
1641 1414 1769 1498 ἄρα
1810 1416 1924 1479 τοί
1960 1438 2034 1498 γε

336 1517 544 1598 τόξων
590 1519 776 1597 ἀικάς
820 1516 1023 1604 ἀμφὶς
1067 1517 1272 1603 μένον
1308 1517 1471 1584 οὐδέ
1509 1516 1567 1583 τ’
1620 1518 1940 1602 ἀκόντων,

342 1625 483 1692 ἀλλ’
537 1627 608 1692 οἵ
645 1621 707 1709 γ’
760 1625 1045 1709 ἐγγύθεν
1092 1626 1431 1709 ἱστάμενοι
1475 1623 1592 1690 ἕνα
1635 1627 1862 1709 θυμὸν
1908 1628 2168 1711 ἔχοντες
2235 1636 2347 1694 710

337 1731 513 1810 ὀξέσι
558 1731 640 1815 δὴ
687 1728 1023 1816 πελέκεσσι
1068 1727 1180 1795 καὶ
1222 1729 1480 1815 ἀξίνῃσι
1526 1730 1813 1815 μάχοντο

335 1836 446 1903 καὶ
492 1837 751 1922 ξίφεσιν
796 1836 1136 1937 μεγάλοισι
1179 1833 1289 1901 καὶ
1334 1838 1592 1920 ἔγχεσιν
1637 1836 2087 1922 ἀμφνγύοισιν.

336 1944 548 2009 πολλὰ
594 1939 668 2008 δὲ
713 1941 1020 2027 φάσγανα
1062 1942 1230 2006 καλὰ
1277 1941 1637 2025 μελάνδετα
1680 1944 2021 2026 κωπήεντα
2369 2025 2379 2037 ·

338 2050 502 2115 ἄλλα
547 2044 669 2133 μὲν
714 2048 787 2114 ἐκ
819 2057 1058 2133 χειρῶν
1093 2047 1372 2132 χαμάδις
1406 2045 1632 2131 πέσον,
1678 2048 1852 2114 ἄλλα.
1881 2046 1941 2114 δ’
1986 2047 2095 2114 ἀπ’
2139 2051 2347 2134 ὤμων

345 2154 611 2239 ἀνδρῶν
657 2152 1121 2239 μαρναμένων·
1169 2151 1276 2238 ῥέε
1324 2149 1387 2219 δ’
1439 2154 1662 2237 αἵματι
1706 2164 1861 2236 γαῖα
1905 2153 2197 2238 μέλαινα.
2231 2174 2342 2223 715

325 2258 579 2344 ’Ὲκτωρ
626 2255 701 2324 δὲ
744 2260 1137 2344 πρύμνηθεν
1182 2256 1322 2324 ἐπεὶ
1366 2259 1587 2342 λάβεν,
1636 2257 1786 2344 οὐχὶ
1829 2264 2048 2344 μεθίει

338 2367 679 2450 ἄφλαστον
724 2366 883 2448 μετὰ
926 2362 1151 2451 χερσὶν
1196 2367 1389 2449 ἔχων,
1442 2363 1702 2450 Τρωσὶν
1749 2362 1824 2431 δὲ
1864 2365 2131 2432 κέλευεν
2148 2387 2163 2402 ·

338 2476 594 2555 »οἴσετε
639 2478 792 2555 πῦρ,
839 2470 971 2554 ἅμα
1017 2465 1080 2536 δ’
1130 2469 1319 2536 αὐτοὶ
1365 2469 1627 2558 ἀολλέες
1672 2467 1897 2556 ὄρνυτ’
1950 2471 2183 2555 ἀυτήν·

339 2586 469 2642 νῦν
513 2576 673 2661 ἡμῖν
717 2575 983 2641 πάντων
1030 2579 1197 2652 Ζεὺς
1240 2575 1427 2655 ἄξιον
1471 2572 1646 2663 ἦμαρ
1691 2579 1959 2661 ἔδωκεν,

339 2691 503 2766 νῆας
550 2680 744 2764 ἑλεῖν,
792 2683 867 2746 αἳ
906 2682 1105 2766 δεῦρο
1149 2688 1332 2748 θεῶν
1377 2680 1599 2765 ἀέκητι
1641 2686 1964 2766 μολοῦσαι
2230 2702 2333 2754 ‘120

339 2787 499 2872 ἡμῖν
545 2789 806 2872 πήματα
849 2787 1061 2852 πολλὰ
1104 2785 1340 2870 θέσαν,
1386 2790 1692 2870 κακότητι
1734 2791 2090 2873 γερόντων,

341 2894 412 2960 οἵ
449 2892 517 2978 μ’
571 2891 889 2960 ἐθέλοντα
934 2890 1264 2978 μάχεσθαι
1308 2892 1414 2960 ἐπὶ
1457 2902 1795 2979 πρυμνῇσι
1837 2893 2103 2961 νέεσσιν

340 2999 544 3064 αὐτόν
587 2996 645 3063 τ’
700 2998 1141 3083 ἰσχανάασκον
1187 2998 1542 3084 ἐρητύοντό
1586 3023 1656 3066 τε
1700 3003 1883 3066 λαόν.

340 3101 482 3170 ἀλλ’
536 3106 600 3169 εἰ
641 3106 725 3186 δή
771 3104 855 3188 ῥα
897 3106 1042 3169 τότε
1088 3105 1331 3188 βλάπτε
1376 3104 1624 3191 φρένας
1670 3105 1964 3189 εὐρύοπα
2012 3111 2177 3186 Ζεὺς

340 3208 673 3295 ἡμετέρας,
718 3217 847 3274 νῦν
891 3210 1088 3287 αὐτὸς
1133 3210 1479 3296 ἐποτρύνει
1520 3209 1632 3277 καὶ
1676 3213 1980 3297 ἀνώγει.“
2231 3233 2325 3284 '125
2375 3239 2383 3251 ‘

429 3310 518 3395 ὧς
553 3313 784 3400 ἔφαθ’,
823 3317 894 3381 οἰ
925 3311 986 3382 δ’
1029 3316 1155 3402 ἄρα
1191 3321 1444 3401 μᾶλλον
1482 3316 1580 3383 ἐπ’
1608 3317 2006 3406 Ἀργείοισιν
2033 3323 2325 3408 ὄρουσαν.

341 3430 510 3502 Αἴας
557 3415 618 3488 δ’
671 3417 883 3489 οὐκέτ’
934 3425 1188 3507 ἔμιμνε·
1234 3424 1490 3507 βιάζετο
1535 3426 1661 3512 γὰρ
1708 3425 2072 3509 βελέεσσιν·

341 3528 489 3597 ἀλλ’
540 3529 882 3617 ἀνεχάζετο
925 3531 1198 3615 τυτθόν,
1247 3530 1550 3617 ὀιόμενος
1591 3531 1982 3616 θανέεσθαι,
