2525 3884
287 199 417 266 180
1084 201 1387 253 ΙΛΙΑΔΟΣ
1424 202 1490 253 Φ.

283 339 382 426 ,,ὦ
421 340 705 428 Ἀχιλεῦ,
752 341 902 429 περὶ
948 340 1068 427 μὲν
1113 341 1435 428 κρατέεις,
1481 341 1634 429 περὶ
1680 340 1742 409 δ’
1796 349 2035 409 αἴσυλα
2093 342 2309 428 ῥέζεις

286 448 581 534 ἀνδρῶν·
627 447 757 515 αἰεὶ
801 450 929 536 γάρ
972 472 1078 514 τοι
1122 449 1495 533 ἀμύνουσιν
1538 447 1693 515 θεοὶ
1736 450 1944 516 αὐτοί.
2192 466 2309 515 215

284 560 352 620 εἰ
388 577 493 619 τοι
545 558 776 640 Τρῶας
821 556 1026 620 ἔδωκε
1068 556 1342 640 Κρόνου
1384 564 1539 632 παῖς
1581 555 1830 632 πάντας
1875 554 2170 639 ὀλέσσαι,

284 659 351 740 ἐξ
397 659 636 744 ἐμέθεν
678 656 745 744 γ’
795 660 1032 737 ἐλάσας
1075 661 1311 725 πεδίον
1346 660 1509 725 κάτα
1553 658 1845 746 μέρμερα
1888 660 2054 747 ῥέζε·

282 767 527 849 πλήθει
569 767 697 852 γὰρ
746 767 828 849 δή
872 788 988 852 μοι
1031 766 1291 833 νεκύων
1338 763 1640 850 ἐρατεινὰ
1684 765 1961 852 ῥέεθρα,

287 869 452 937 οὐδέ
489 874 561 937 τί
596 894 687 957 πῃ
734 872 1023 956 δύναμαι
1066 870 1376 956 προχέειν
1422 870 1586 956 ῥόον
1632 873 1726 949 εἰς
1770 873 1896 938 ἅλα
1942 874 2094 938 δῖαν

284 979 702 1062 στεινόμενος
745 977 1071 1060 νεκύεσσι,
1120 977 1205 1041 σὺ
1252 973 1328 1042 δὲ
1371 978 1649 1055 κτείνεις
1695 976 1995 1061 ἀιδήλως.
2193 996 2307 1045 220

286 1078 429 1148 ἀλλ’
481 1082 597 1166 ἄγε
644 1082 727 1165 δὴ
772 1079 881 1147 καὶ
927 1083 1154 1147 ἔασον·
1200 1082 1326 1165 ἄγη
1373 1077 1440 1167 μ’
1487 1084 1654 1166 ἔχει,
1703 1083 1947 1168 ὄρχαμε
1983 1084 2231 1148 λαῶν.“

370 1189 488 1254 τὸν
529 1183 588 1253 δ’
630 1187 1151 1273 ἀπαμειβόμενος
1178 1186 1483 1273 προσέφη
1511 1189 1721 1265 πόδας
1750 1188 1924 1266 ὠκὺς
1944 1184 2307 1275 Ἀχιλλεύς·

284 1296 511 1378 ,,ἔσται
554 1302 789 1377 ταῦτα,
835 1293 1231 1379 Σκάμανδρε
1281 1291 1655 1378 διοτρεφές,
1710 1293 1800 1371 ὡς
1855 1296 1942 1360 σὺ
1992 1297 2306 1374 κελεύεις.

292 1403 520 1484 Τρῶας
565 1395 627 1465 δ’
681 1399 762 1465 οὐ
806 1396 965 1485 πρὶν
1011 1397 1181 1483 λήξω
1227 1398 1677 1486 ὑπερφιάλους
1721 1397 2075 1485 ἐναρίζων,

283 1502 444 1590 πρὶν
489 1507 674 1570 ἔλσαι
716 1505 880 1570 κατὰ
924 1505 1089 1570 ἄστυ
1132 1502 1245 1570 καὶ
1274 1503 1541 1590 Ἕκτορι
1582 1511 1983 1591 πειρηθῆναι
2194 1523 2305 1573 225

286 1610 619 1695 ἀντιβίην,
664 1613 707 1695 ἤ
751 1610 867 1676 κέν
912 1633 992 1693 με
1038 1610 1442 1694 δαμάσσεται
1483 1612 1527 1696 ἤ
1570 1634 1687 1676 κεν
1732 1611 1859 1695 ἐγὼ
1904 1612 2088 1677 τόν.“

374 1711 462 1793 ὧς
507 1718 710 1782 εἰπὼν
762 1716 1099 1802 Τρώεσσιν
1145 1715 1463 1783 ἐπέσσυτο
1512 1718 1779 1802 δαίμονι
1824 1713 1981 1795 ἶσος.

286 1820 399 1886 καὶ
440 1816 576 1888 τότ’
621 1819 1004 1887 Ἀπόλλωνα
1046 1820 1349 1908 προσέφη
1395 1824 1683 1908 ποταμὸς
1727 1826 2131 1908 βαθυδίνης·

286 1928 384 2012 ,,ὢ
429 1929 661 2010 πόποι,
725 1925 1158 2014 ἀργυρότοξε,
1204 1929 1373 2005 Διὸς
1415 1927 1630 2012 τέκος,
1680 1928 1761 1994 οὐ
1806 1930 1894 1995 σύ
1936 1955 2012 2015 γε
2055 1933 2307 2015 βουλὰς

286 2036 559 2120 εἰρύσαο
605 2037 1018 2120 Κρονίωνος,
1067 2033 1103 2099 ὅ
1147 2056 1252 2098 τοι
1298 2034 1471 2118 μάλα
1515 2032 1704 2100 πόλλ’
1756 2033 2094 2102 ἐπέτελλεν
2198 2054 2304 2103 230

294 2138 515 2227 Τρωσὶ
558 2140 1042 2227 παρεστάμεναι
1085 2138 1195 2206 καὶ
1238 2140 1548 2224 ἀμύνειν,
1594 2143 1689 2219 είς
1734 2141 1771 2208 ὅ
1814 2165 1930 2207 κεν
1975 2145 2141 2228 ἔλθῃ

291 2248 542 2323 δείελος
586 2243 709 2324 ὀψὲ
758 2248 962 2330 δύων,
1010 2246 1245 2330 σκιάσῃ
1295 2240 1358 2310 δ’
1409 2243 1734 2330 ἐρίβωλον
1779 2247 2142 2331 ἅρουραν.“

377 2348 450 2436 ἦ,
496 2349 607 2417 καὶ
646 2346 978 2436 Ἀχιλλεὺς
1022 2347 1144 2436 μὲν
1193 2351 1623 2436 δουρικλυτὸς
1666 2353 1911 2437 ἔνθορε
1956 2351 2175 2440 μέσσῳ

288 2466 590 2543 κρημνοῦ
634 2456 938 2542 ἀπαΐξας,
985 2455 1023 2523 ὁ
1071 2450 1134 2522 δ’
1185 2455 1502 2522 ἐπέσσυτο
1550 2458 1813 2542 οἴδματι
1853 2457 2079 2540 θύων,

289 2564 504 2629 πάντα
543 2556 605 2628 δ’
649 2564 833 2647 ὄρινε
872 2561 1116 2647 ῥέεθρα
1152 2563 1551 2646 κυκώμενος,
1587 2557 1719 2627 ὦσε
1756 2559 1830 2628 δὲ
1863 2566 2144 2648 νεκροὺς
2198 2580 2301 2630 235

290 2669 599 2752 πολλούς,
628 2669 700 2734 οἵ
721 2666 805 2753 ῥα
831 2666 970 2732 κατ’
1007 2668 1212 2732 αὐτὸν
1239 2668 1385 2746 ἅλις
1403 2670 1582 2751 ἔσαν,
1612 2667 1730 2745 οὓς
1747 2667 1929 2733 κτάν’
1949 2665 2299 2755 Ἀχιλλεύς·

291 2779 448 2853 τοὺς
494 2778 764 2859 ἔκβαλλε
807 2773 1086 2859 θύραζε,
1133 2773 1434 2857 μεμυκὼς
1478 2772 1635 2857 ἠύτε
1678 2783 1951 2861 ταῦρος,

293 2880 637 2969 χέρσονδε·
686 2882 893 2960 ζωοὺς
938 2874 1012 2944 δὲ
1059 2880 1194 2944 σάω
1231 2881 1397 2945 κατὰ
1439 2881 1607 2945 καλὰ
1651 2878 1926 2964 ῥέεθρα,

292 2989 601 3075 κρύπτων
647 2986 721 3052 ἐν
766 2986 991 3073 δίνῃσι
1034 2988 1392 3072 βαθείῃσιν
1439 2986 1816 3073 μεγάλῃσιν.

296 3093 521 3159 δεινὸν
568 3090 631 3158 δ’
682 3087 846 3184 ἀμφ’
890 3086 1151 3177 Ἀχιλῆα
1196 3094 1583 3176 κυκώμενον
1627 3092 1851 3158 ἵστατο
1896 3102 2098 3177 κῦμα,
2201 3107 2301 3157 240

298 3201 462 3264 ὤθει
507 3195 570 3264 δ’
622 3197 697 3263 ἐν
742 3199 930 3263 σάκεϊ
969 3200 1224 3263 πίπτων
1272 3197 1456 3283 ῥόος·
1502 3195 1662 3263 οὐδὲ
1705 3200 2022 3264 πόδεσσιν

295 3300 427 3390 εἶχε
473 3302 924 3389 στηρίξασθαι.
973 3302 1010 3367 ὁ
1058 3299 1132 3368 δὲ
1176 3302 1455 3388 πτελέην
1500 3303 1605 3369 ἕλε
1650 3302 1878 3401 χερσὶν

297 3409 547 3497 εὐφυέα
593 3410 911 3495 μεγάλην·
956 3408 997 3493 ἡ
1045 3406 1106 3475 δ’
1150 3409 1221 3475 ἐκ
1265 3408 1499 3495 ῥιζέων
1544 3410 1860 3495 ἐριποῦσα

295 3519 595 3604 κρημνὸν
641 3516 896 3581 ἅπαντα
944 3517 1216 3599 διῶσεν,
1263 3513 1492 3599 ἐπέσχε
1537 3512 1612 3582 δὲ
1647 3518 1812 3581 καλὰ
1857 3515 2102 3600 ῥέεθρα
2183 3552 2190 3564 ·
