2525 3884
323 217 449 281 142
1118 216 1418 268 ΙΜΑΔΟΣ
1454 217 1515 268 Τ.

322 361 394 426 οί
433 358 493 425 δ’
548 356 655 425 ὁτὲ
700 357 825 444 μὲν
865 357 1235 444 θρέξασκον
1285 357 1771 443 ἐπισταμένοισι
1813 361 2131 424 πόδεσσιν

322 466 465 551 ῥεῖα
520 462 695 549 μάλ’,
753 466 840 542 ὡς
894 466 1001 530 ὅτε
1053 487 1153 541 τις
1205 466 1447 550 τροχὸν
1493 465 1781 549 ἄρμενον
1827 464 1899 530 ἐν
1943 465 2333 551 παλάμῃσιν

322 571 620 656 ἑζόμενος
663 573 982 656 κεραμεὺς
1026 571 1432 656 πειρήσεται,
1472 576 1550 635 αῖ
1583 593 1659 635 κε
1700 568 1965 656 θέῃσιν·
2219 588 2329 638 601

321 679 553 742 ἄλλοτε
599 672 661 741 δ’
713 671 798 742 αὖ
843 675 1215 761 θρέξασκον
1263 673 1370 741 ἐπὶ
1414 678 1637 759 στίχας
1682 676 2084 759 ἀλλήλοισιν.

320 784 563 859 πολλὸς
608 777 674 847 δ’
713 783 1054 868 ἱμερόεντα
1098 783 1304 868 χορὸν
1347 777 1722 868 περιίσταθ’
1765 783 1991 867 ὅμιλος

320 891 733 974 τερπόμενοι·
779 889 938 971 μετά
983 886 1064 953 δέ
1104 904 1266 972 σφιν
1315 885 1621 972 ἐμέλπετο
1665 881 1853 965 θεῖος
1898 889 2122 965 ἀοιδὸς

321 996 684 1081 φορμίζων·
734 994 895 1057 δοιὼ
943 989 1017 1058 δὲ
1059 996 1494 1077 κυβιστητῆρε
1539 988 1679 1057 κατ’
1723 994 1964 1070 αὐτοὺς
2220 1009 2324 1063 605

321 1105 572 1184 μολπῆς
616 1097 1002 1184 ἐξάρχοντος
1047 1099 1349 1164 ἐδίνευον
1394 1101 1558 1164 κατὰ
1601 1098 1928 1184 μέσσους]

410 1206 483 1271 ἐν
529 1199 590 1270 δ’
634 1204 839 1270 ἐτίθει
883 1215 1201 1290 ποταμοῖο
1249 1204 1414 1289 μέγα
1460 1204 1704 1282 σθένος
1743 1202 2079 1272 Ὠκεανοῖο

322 1313 572 1395 ἄντυγα
616 1313 749 1395 πὰρ
794 1310 1098 1394 πυμάτην
1144 1311 1376 1387 σάκεος
1418 1313 1592 1376 πύκα
1637 1323 1955 1395 ποιητοῖο.

409 1418 614 1504 αὐτὰρ
662 1415 800 1482 ἐπεὶ
846 1417 927 1500 δὴ
974 1415 1155 1494 τεῦξε
1202 1417 1403 1493 σάκος
1445 1416 1609 1501 μέγα
1654 1439 1723 1483 τε
1768 1421 2083 1504 στιβαρόν
2126 1442 2225 1501 τε,

320 1518 491 1601 τεῦξ’
533 1525 659 1607 ἄρα
707 1523 776 1589 οί
814 1521 1092 1607 θώρηκα
1139 1524 1571 1608 φαεινότερον
1615 1524 1824 1610 πυρὸς
1868 1524 2103 1607 αὐγῆς,
2221 1539 2322 1588 610

321 1627 504 1707 τεῦξε
551 1628 629 1694 δέ
670 1630 739 1693 οί
778 1631 1040 1713 κόρυθα
1084 1630 1402 1714 βριαρήν,
1446 1630 1808 1714 κροτάφοις
1853 1629 2208 1716 ἀραρυῖαν,

322 1735 530 1817 καλὴν
576 1731 964 1816 δαιδαλέην,
1012 1730 1117 1797 ἐπὶ
1164 1731 1238 1798 δὲ
1282 1734 1826 1820 χρύσεονλόφον
1870 1730 2059 1820 ἧκεν,

321 1837 502 1917 τεῦξε
549 1837 628 1904 δέ
670 1837 740 1903 οί
777 1839 1099 1921 κνημῖδας
1145 1837 1346 1904 ἑανοῦ
1390 1838 1822 1926 κασσιτέροιο.

410 1945 617 2030 αὐτὰρ
665 1941 802 2017 ἐπεὶ
844 1941 1052 2009 πάνθ’
1097 1944 1265 2009 ὅπλα
1310 1945 1473 2029 κάμε
1517 1947 1751 2022 κλυτὸς
1777 1936 2217 2031 ’ἀμφικγυήειςῃ

323 2053 566 2136 μητρὸς
602 2047 935 2134 Ἀχιλλῆος
978 2057 1144 2134 θῆκε
1188 2052 1647 2137 προπάροιθεν
1692 2050 1928 2138 ἀείρας.
2223 2067 2321 2118 615

323 2157 364 2239 ἡ
412 2151 473 2222 δ’
519 2154 662 2242 ἴρηξ
709 2156 798 2232 ὣς
843 2149 1000 2221 ἆλτο
1047 2153 1186 2222 κατ’
1234 2157 1597 2241 Οὐλύμπου
1642 2160 1992 2241 νιφόεντος

324 2263 553 2345 τεύχεα
597 2265 1051 2350 μαρμαίροντα
1096 2259 1250 2349 παρ’
1296 2259 1686 2347 Ἡφαίστοιο
1734 2260 2048 2349 φέρουσα.

1033 2746 1465 2822 ΙΛῙΑΔΟΣ
1518 2749 1607 2822 Τ.

882 2972 1247 3054 Μήνιδος
1292 2970 1736 3057 ἀπόρρησις.

405 3104 574 3186 Ἠὼς
619 3107 740 3194 μὲν
784 3114 1227 3196 κροκόπεπλος
1273 3106 1374 3176 ἀπ’
1419 3108 1772 3178 Ὠκεανοῖο
1820 3110 2040 3197 ῥοάων

324 3211 606 3302 ὤρνυθ’,
654 3211 741 3280 ἵν’
795 3216 1186 3282 ἀθανάτοισι
1232 3220 1417 3302 φόως
1461 3216 1656 3302 φέροι
1698 3215 1818 3301 ἠδὲ
1862 3221 2226 3303 βροτοῖσιν·

321 3321 362 3403 ἡ
412 3318 476 3385 δ’
530 3320 597 3396 ἐς
639 3328 804 3403 νῆας
849 3310 1031 3388 ἵκανε
1075 3328 1244 3388 θεοῦ
1291 3323 1467 3408 πάρα
1514 3325 1695 3409 δῶρα
1740 3320 2054 3409 φέρουσα.

324 3422 475 3512 εὗρε
523 3422 596 3490 δὲ
642 3427 1003 3513 Πατρόκλῳ
1049 3430 1506 3512 περικείμενον
1551 3429 1631 3494 ὃν
1678 3432 1881 3512 φίλον
1922 3430 2075 3493 υἱὸν

323 3533 636 3596 κλαίοντα
682 3528 937 3616 λιγέως·
983 3532 1212 3609 πολέες
1257 3530 1317 3597 δ’
1372 3528 1534 3616 ἀμφ’
1586 3534 1790 3599 αὐτὸν
1836 3532 2084 3619 ἑταῖροι
2290 3548 2320 3598 5
