2525 3884
1044 168 1348 219 mumoz:
1385 170 1534 221 xm.
2252 168 2291 230 ’ἵ

266 309 312 391 ἥ
357 302 419 373 τ’
467 309 655 395 ὄρεος
698 317 961 395 κορυφῇ
1007 309 1249 375 ἕκαθεν
1293 309 1875 396 περιφαινομένοιο

266 418 488 500 χαλκῷ
533 414 908 499 ταμνομένη
954 414 1186 500 τέρενα
1230 415 1430 500 χθονὶ
1476 418 1696 502 φύλλα
1742 417 2067 503 πελάσσῃ·
2190 434 2294 484 180

269 515 363 596 ὧς
405 519 623 604 πέσεν,
671 519 842 606 ἀμφὶ
886 520 966 586 δέ
1006 523 1077 586 οἱ
1116 523 1318 607 βράχε
1362 524 1592 607 τεύχεα
1637 527 1901 589 ποικίλα
1946 529 2183 613 χαλκῷ.

278 628 567 711 Τεῦκρος
613 622 681 691 δ’
730 628 1011 715 ὡρμήθη
1057 629 1319 712 μεμαὼς
1363 628 1490 694 ἀπὸ
1534 631 1766 715 τεύχεα
1812 631 2042 696 δῦσαι·

253 729 508 819 ’Ἐκτωρ
556 732 617 798 δ’
671 733 1081 818 ὁρμηθέντος
1126 735 1430 813 ἀκόντισε
1476 735 1671 821 δουρὶ
1718 745 1989 825 φαεινῷ.

270 837 415 903 ἀλλ’
469 839 505 904 ὁ
550 836 672 924 μὲν
716 841 880 904 ἄντα
929 841 1092 905 ἰδὼν
1135 841 1418 924 ἠλεύατο
1463 844 1745 926 χάλκεον
1792 846 1982 927 ἔγχος

268 947 554 1027 τυτθόν,
601 946 637 1012 ὁ
685 944 746 1011 δ’
793 942 1203 1032 Ἀμφίμαχον
1246 949 1544 1014 Κτεάτου
1590 941 1686 1015 υἷ’
1730 944 2160 1032 Ἀκτορίωνος
2191 967 2293 1016 185

272 1053 670 1134 νισσόμενον
714 1054 1081 1135 πολεμόνδε
1124 1055 1288 1118 κατὰ
1334 1062 1582 1137 στῆθος
1625 1057 1783 1138 βάλε
1831 1057 2043 1140 δουρί.

271 1157 609 1240 δούπησεν
655 1154 730 1223 δὲ
773 1160 1015 1241 πεσών,
1063 1158 1355 1246 ἀράβησε
1402 1156 1477 1224 δὲ
1521 1159 1731 1245 τεύχε’
1785 1159 1886 1226 ἐπ’
1941 1162 2134 1251 αὐτῷ.

253 1261 509 1349 ’Ἐκτωρ
556 1261 622 1327 δ’
674 1263 953 1350 ὡρμήθη
999 1267 1264 1349 κόρυθα
1308 1266 1664 1350 κροτάφοις
1709 1267 2037 1354 ἀραρυῖαν

269 1370 507 1454 κρατὸς
549 1369 928 1456 ἀφαρπάξαι
972 1373 1416 1455 μεγαλήτορος
1454 1366 1913 1456 Ἀμφιμάχοιο·

270 1481 441 1551 Αἴας
487 1473 552 1539 δ’
605 1475 1018 1561 ὁρμηθέντος
1063 1476 1330 1561 ὀρέξατο
1378 1474 1572 1563 δουρὶ
1619 1487 1874 1566 φαεινῷ
2193 1498 2294 1547 190

254 1579 595 1667 ”Εκτορος·
640 1579 784 1646 ἀλλ’
839 1583 920 1647 οὔ
964 1602 1053 1668 πῃ
1100 1583 1274 1669 χρὼς
1318 1588 1560 1666 εἴσατο,
1606 1593 1732 1660 πᾶς
1778 1579 1840 1648 δ’
1890 1586 2020 1669 ἄρα
2075 1590 2291 1675 χαλκῷ

271 1687 652 1777 σμερδαλέῳ
686 1686 1085 1771 κεκάλυφθ’·
1122 1688 1158 1753 ὁ
1198 1685 1258 1752 δ’
1303 1682 1409 1774 ἄρ’
1452 1689 1729 1766 ἀσπίδος
1764 1690 2071 1774 ὀμφαλὸν
2108 1687 2293 1774 οὖτα,

273 1791 406 1861 ὦσε
450 1795 529 1860 δέ
569 1819 683 1880 μιν
729 1793 962 1859 σθένει·
1001 1795 1289 1883 μεγάλῳ·
1337 1795 1373 1860 6
1421 1793 1496 1860 δὲ
1539 1794 1808 1880 χάσσατ’
1862 1797 2115 1862 ὀπίσσω

270 1912 528 1986 νεκρῶν
572 1899 985 1986 ἀμφοτέρων,
1030 1903 1187 1976 τοὺς
1234 1897 1295 1965 δ’
1349 1899 1734 1983 ἐξείρυσσαν
1776 1899 2051 1986 Ἀχαιοί·

265 2006 678 2092 Ἀμφίμαχον
722 2004 845 2091 μὲν
890 2008 1017 2092 ἄρα
1061 2009 1331 2091 Στιχίος
1377 2009 1519 2083 δῖός
1563 2031 1633 2072 τε
1679 1997 2096 2090 Μενεσθεύς,
2193 2025 2293 2075 195

273 2112 463 2201 ἀρχοὶ
502 2111 905 2196 Ἀθηναίων,
951 2115 1234 2197 κόμισαν
1280 2115 1440 2197 μετὰ
1486 2114 1650 2178 λαὸν
1691 2107 1997 2198 Ἀχαιῶν,
2209 2126 2218 2130 “

255 2220 559 2306 Ἴμβριον
605 2214 747 2284 αὖτ’
801 2224 1078 2302 Αἴαντε,
1123 2222 1403 2304 μεμαότε
1447 2219 1772 2304 θούριδος
1817 2207 2032 2303 ἀλκῆς.

273 2327 363 2402 ὥς
403 2350 476 2391 τε
523 2323 627 2390 δύ’
681 2320 834 2408 αἶγα
880 2323 1104 2390 λέοντε
1147 2336 1373 2391 κυνῶν
1416 2325 1547 2389 ὕπο
1592 2328 2145 2411 καρχαροδόντων

272 2430 638 2517 ἁρπάξαντε
683 2430 974 2517 φέρητον
1020 2430 1147 2495 ἀνα
1192 2431 1452 2515 ῥωπήια
1496 2433 1743 2513 πυκνά,

272 2538 453 2616 ὑψοῦ
496 2534 663 2620 ὑπὲρ
708 2539 898 2620 γαίης
942 2527 1100 2620 μετὰ
1143 2541 1569 2622 γαμφηλῇσιν
1615 2541 1867 2621 ἔχοντε,
2189 2557 2295 2607 200

275 2637 365 2719 ὧς
408 2643 492 2728 ῥα
535 2646 652 2709 τὸν
695 2643 874 2721 ὑψοῦ
919 2645 1144 2727 ἔχοντε
1190 2643 1331 2707 δύω
1376 2648 1623 2707 Αἴαντε
1666 2645 1955 2730 κορυστὰ

272 2750 504 2834 τεύχεα
548 2751 864 2833 συλήτην·
909 2750 1205 2833 κεφαλὴν
1252 2745 1314 2813 δ’
1367 2748 1619 2831 ἁπαλῆς
1662 2748 1788 2813 ἀπὸ
1836 2750 2059 2835 δειρῆς

272 2859 479 2934 κόψεν
516 2853 860 2938 Ὀιλιάδης,
905 2853 1352 2940 κεχολωμένος
1389 2849 1844 2941 Ἀμφιμάχοιο,

272 2958 387 3047 ἧκε
432 2961 512 3028 δέ
551 2986 667 3047 μιν
711 2963 1089 3048 σφαιρηδὸν
1133 2960 1510 3045 ἑλιξάμενος
1556 2956 1645 3024 δι’
1700 2960 1963 3045 ὁμίλου·

258 3066 523 3154 ’Ἐκτορι
568 3065 643 3133 δὲ
687 3068 1101 3153 προπάροιθε
1145 3069 1375 3132 ποδῶν
1420 3066 1618 3131 πέσεν
1664 3066 1737 3131 ἐν
1781 3071 2103 3155 κονίῃσιν.
2188 3084 2293 3133 205

273 3173 380 3240 καὶ
425 3178 571 3241 τότε
619 3176 700 3257 δὴ
747 3173 898 3260 περὶ
940 3183 1092 3261 κῆρι
1137 3173 1534 3238 Ποσειδάων
1579 3172 1881 3257 ἐχολώθη

271 3283 547 3346 υἱωνοῖο
593 3283 913 3357 πεσόντος
956 3281 1031 3346 ἐν
1075 3281 1228 3363 αἰνῇ
1278 3280 1594 3362 δηιοτῆτι,

273 3390 356 3471 βῆ
404 3386 466 3452 δ’
522 3385 692 3451 ἰέναι
735 3387 911 3471 παρά
953 3409 1024 3452 τε
1066 3387 1324 3460 κλισίας
1367 3382 1479 3448 καὶ
1523 3393 1685 3465 νῆας
1723 3378 2007 3465 Ἀχαιῶν

274 3492 611 3578 ὀτρυνέων
655 3494 989 3573 Δαναούς,
1045 3491 1345 3574 Τρώεσσι
1392 3484 1467 3551 δὲ
1511 3481 1691 3569 κήδε’
1746 3489 2024 3564 ἔτευχεν.
