2525 3884
988 188 1291 241 ΙΛῙΑΔΟΣ
1327 190 1526 242 xxm.
1897 146 1902 151 ’
2129 187 2259 253 223

250 328 491 406 ἵππους
537 325 599 394 δ’
660 325 996 415 Ἀτρεΐδαο
1041 331 1367 415 κιχάνετε,
1414 328 1581 416 μηδὲ
1626 335 1992 417 λίπησθον,

246 438 698 521 καρπαλίμως,
746 437 834 520 μὴ
883 448 1100 520 σφῶιν
1147 437 1481 523 ἐλεγχείην
1525 439 1849 526 καταχεύῃ

246 546 434 625 Αἴθη
481 546 698 626 θῆλυς
744 541 970 608 ἐοῦσα·
1015 547 1087 608 τί
1123 539 1166 627 ἦ
1214 547 1554 627 λείπεσθε,
1609 544 1937 632 φέριστοι;

248 642 378 714 ὧδε
424 649 550 733 γὰρ
597 647 859 734 ἐξερέω,
904 646 1015 714 καὶ
1059 651 1191 734 μὴν
1235 650 1697 736 τετελεσμένον
1743 654 1949 718 ἔσται·
2155 669 2258 719 410

248 754 330 819 οὐ
377 764 600 838 σφῶιν
643 755 881 839 κομιδὴ
927 756 1103 841 παρὰ
1149 754 1441 842 Νέστορι
1484 756 1750 842 ποιμένι
1796 763 1975 823 λαῶν

247 863 534 944 ἔσσεται,
581 859 814 925 αὐτίκα
861 857 926 925 δ’
969 861 1142 946 ὔμμε
1184 871 1568 930 κατακτενεῖ
1608 862 1744 943 ὀξέι
1786 869 2037 953 χαλκῷ,

243 973 323 1033 αἴ
358 961 421 1032 κ’
465 966 962 1051 ἀποκηδήσαντε
1007 969 1367 1055 φερώμεθα
1411 979 1635 1056 χεῖρον
1681 972 1947 1037 ἄεθλον.

243 1071 388 1140 ἀλλ’
435 1073 908 1160 ἐφομαρτεῖτον
951 1072 1062 1140 καὶ
1108 1076 1469 1141 σπεύδετον
1514 1076 1653 1142 ὅττι
1697 1077 1991 1162 τάχιστα·

244 1189 453 1246 ταῦτα
500 1175 562 1245 δ’
608 1180 781 1264 ἐγὼν
828 1180 1025 1257 αὐτὸς
1067 1183 1465 1265 τεχνήσομαι
1507 1179 1628 1265 ἠδὲ
1671 1187 1925 1267 νοήσω,
2152 1198 2255 1248 415

242 1293 584 1374 στεινωπῷ
633 1286 706 1353 ἐν
752 1286 887 1375 ὀδῷ
934 1287 1422 1371 παραδύμεναι,
1470 1286 1633 1353 οὐδέ
1673 1311 1752 1371 με
1797 1290 2044 1371 λήσει.“

334 1386 425 1469 ὧς
470 1390 701 1477 ἔφαθ’,
747 1392 820 1457 οί
860 1387 934 1458 δὲ
978 1393 1259 1469 ἄνακτος
1303 1391 1773 1471 ὑποδείσαντες
1819 1394 2107 1479 ὁμοκλὴν

244 1503 498 1584 μᾶλλον
544 1496 991 1583 ἐπεδραμέτην
1037 1498 1266 1583 ὀλίγον
1311 1501 1586 1585 χρόνον·
1636 1494 1799 1578 αἶψα
1846 1496 1908 1565 δ’
1950 1502 2167 1568 ἔπειτα

244 1616 502 1682 στεῖνος
549 1605 713 1671 ὁδοῦ
756 1608 983 1690 κοίλης
1028 1606 1173 1672 ἴδεν
1224 1603 1598 1691 Ἀντίλοχος
1642 1606 2064 1694 μενεχάρμης.

245 1710 505 1797 ῥωχμὸς
549 1713 668 1797 ἔην
711 1715 934 1796 γαίης,
978 1702 1022 1798 ᾗ
1068 1711 1399 1799 χειμέριον
1445 1709 1603 1779 ἀλὲν
1647 1713 1831 1800 ὕδωρ
2150 1730 2255 1781 420

245 1817 589 1905 ἐξέρρηξεν
634 1818 852 1902 ὁδοῖο,
899 1818 1159 1903 βάθυνε
1205 1814 1281 1885 δὲ
1323 1829 1543 1906 χῶρον
1589 1819 1870 1885 ἅπαντα·

239 1933 321 2011 τῇ
367 1920 430 2011 ῤ’
473 1920 646 2011 εἶχεν
690 1923 1037 2001 Μενέλαος
1082 1923 1479 2011 ἁματροχιὰς
1524 1924 1857 1991 ἀλεείνων.

249 2026 621 2118 Ἀντίλοχος
666 2028 740 2099 δὲ
782 2030 1202 2118 παρατρέψας
1247 2033 1353 2116 ἔχε
1398 2032 1706 2116 μώνυχας
1749 2031 1990 2107 ἵππους

243 2139 426 2216 ἐκτὸς
472 2139 666 2223 ὁδοῦ,
713 2138 942 2222 ὀλίγον
988 2133 1064 2203 δὲ
1107 2139 1513 2223 παρακλίνας
1557 2137 1847 2204 ἐδίωκεν.

235 2239 568 2331 Ἀτρεΐδης
613 2238 675 2311 δ’
717 2245 929 2311 ἔδεισε
971 2241 1083 2311 καὶ
1137 2238 1485 2330 Ἀντιλόχῳ
1532 2243 1908 2327 ἐγεγώνειν·
2149 2257 2252 2308 425

243 2346 630 2437 ,,Ἀντίλοχ’,
676 2350 1025 2437 ἀφραδέως
1072 2350 1399 2430 ἱππάζεαι·
1444 2345 1587 2416 ἀλλ’
1630 2343 1806 2435 ἄνεχ’
1852 2349 2117 2427 ἵππους·

241 2458 601 2535 στεινωπὸς
643 2459 769 2544 γὰρ
816 2458 1000 2541 ὁδός,
1045 2456 1208 2542 τάχα
1254 2450 1316 2521 δ’
1358 2454 1676 2543 εὐρυτέρη
1720 2457 2179 2542 παρελάσσεις,

240 2566 330 2648 μή
375 2585 513 2641 πως
558 2561 973 2651 ἀμφοτέρους
1019 2565 1335 2648 δηλήσεαι
1380 2563 1619 2650 ἅρματι
1661 2563 1972 2649 κύρσας.“

331 2665 420 2748 ὧς
455 2665 670 2755 ἔφατ’,
709 2664 1080 2754 Ἀντίλοχος
1116 2666 1177 2735 δ’
1212 2671 1309 2736 ἔτι
1344 2667 1456 2735 καὶ
1489 2671 1662 2736 πολὺ
1694 2674 1946 2755 μᾶλλον
1972 2671 2250 2735 ἔλαυνεν

238 2775 489 2865 κέντρφ
534 2775 973 2862 ἐπισπέρχων,
1020 2775 1110 2853 ὡς
1154 2774 1279 2841 οὐκ
1322 2774 1539 2841 ἀίοντι
1582 2775 1828 2853 ἐοικώς.
2143 2789 2249 2840 430

240 2882 407 2948 ὅσσα
455 2878 529 2949 δὲ
574 2884 808 2950 δίσκου
854 2875 1023 2967 οὖρα
1067 2883 1511 2966 κατωμαδίοιο
1556 2879 1897 2964 πέλονται,

240 2989 320 3054 ὅν
363 2983 421 3054 τ’
465 2991 684 3073 αἰζηὸς
730 2988 984 3074 ἀφῆκεν
1029 2987 1197 3074 ἀνὴρ
1241 2988 1648 3073 πειρώμενος
1690 2987 1884 3070 ἥβης,

239 3096 481 3161 τόσσον
527 3094 996 3183 ἐπεδραμέτην·
1043 3093 1118 3160 αἰ
1159 3090 1220 3159 δ’
1263 3093 1579 3180 ἠρώησαν
1625 3093 1875 3159 ὀπίσσω

244 3197 611 3288 Ἀτρεΐδεω·
657 3201 855 3279 αὐτὸς
896 3202 1026 3287 γὰρ
1073 3198 1241 3268 ἑκὼν
1286 3197 1611 3285 μεθέηκεν
1655 3198 1988 3279 ἐλαύνειν,

236 3309 325 3391 μή
368 3328 509 3385 πως
553 3308 997 3393 συγκύρσειαν
1042 3305 1178 3394 ὀδῷ
1226 3308 1329 3371 ἔνι
1373 3305 1671 3390 μώνυχες
1715 3305 1931 3387 ἵπποι,
2142 3317 2245 3368 435

236 3413 521 3500 δίφρους
562 3410 622 3480 τ’
665 3411 1103 3499 ἀνστρέψειαν
1148 3410 1527 3495 ἐυπλεκέας,
1572 3414 1736 3478 κατὰ
1782 3409 1845 3479 δ’
1888 3407 2077 3475 αὐτοὶ

232 3517 307 3586 ἐν
352 3522 616 3608 κονίῃσι
659 3519 924 3588 πέσοιεν
969 3518 1379 3606 ἐπειγόμενοι
1423 3515 1574 3604 περὶ
1617 3521 1821 3601 νίκης.
