2525 3884
303 169 429 233 148
1099 169 1404 222 ΙΑῙΔΔΟΣ
1437 171 1502 224 τ.

300 317 488 380 σίτου
530 311 641 380 καὶ
687 319 924 379 οἴνοιο·
960 313 1037 379 τὸ
1081 314 1210 399 γὰρ
1255 311 1455 398 μένος
1499 309 1637 379 ἐστὶ
1680 308 1808 376 καὶ
1837 311 2019 397 ἀλκή.

301 419 384 484 ού
427 421 553 505 γὰρ
599 418 767 504 ἀνὴρ
813 420 1075 500 πρόπαν
1117 413 1295 504 ἦμαρ
1338 417 1408 495 ἐς
1451 416 1674 501 ἠέλιον
1717 419 2092 485 καταδύντα

300 525 591 610 ἄκμηνος
632 527 843 591 σίτοιο
891 524 1245 609 δυνήσεται
1290 524 1458 589 ἄντα
1502 523 1857 609 μάχεσθαι·

301 636 369 696 εἰ
402 652 524 718 περ
567 631 694 716 γὰρ
739 637 939 719 θυμῷ
983 652 1061 713 γε
1105 629 1425 717 μενοινάᾳ
1468 631 1869 714 πολεμίζειν,

300 736 466 803 ἀλλά
507 760 579 802 τε
621 737 841 822 λάθρῃ
885 745 1044 820 γυῖα
1087 736 1474 821 βαρύνεται,
1519 731 1640 819 ἠδὲ
1682 736 1935 820 κιχάνει
2209 753 2318 804 165

302 843 465 921 δίψα
507 864 577 908 τε
620 840 731 909 καὶ
775 844 990 927 λιμός,
1036 842 1347 924 βλάβεται
1393 839 1473 907 δέ
1510 864 1581 907 τε
1625 839 1905 924 γούνατ”
1948 844 2135 908 ἰόντι.

302 947 375 1024 ὃς
420 947 499 1013 δέ
536 944 596 1012 κ’
649 947 818 1033 ἀνὴρ
865 952 1077 1013 οἴνοιο
1121 947 1605 1032 κορεσσάμενος
1647 945 1762 1013 καὶ
1807 948 2059 1031 ἐδωδῆς

301 1052 580 1137 ἀνδράσι
625 1051 1055 1136 δυσμενέεσσι
1097 1051 1501 1139 πανημέριος
1543 1056 1855 1139 πολεμίζῃ
1870 1102 1889 1136 ,

300 1156 680 1245 θαρσαλέον
721 1158 810 1224 νύ
855 1158 927 1224 οἱ
963 1154 1124 1244 ἦτορ
1170 1156 1271 1223 ἐνὶ
1316 1160 1586 1244 φρεσίν,
1634 1157 1800 1224 οὐδέ
1835 1181 1900 1224 τι
1943 1169 2101 1244 γυῖα

303 1261 463 1352 πρὶν
506 1264 761 1350 κάμνει,
805 1262 964 1352 πρὶν
1008 1264 1256 1342 πάντας
1300 1263 1587 1351 ἐρωῆσαι
1620 1262 1952 1349 πολέμοιο.
2210 1282 2307 1332 170

213 1383 223 1393 ’
302 1370 453 1435 ἀλλ’
499 1370 617 1453 ἄγε
660 1370 825 1436 λαὸν
869 1366 992 1454 μὲν
1038 1368 1365 1436 σκέδασον
1408 1366 1518 1434 καὶ
1566 1370 1839 1435 δεῖπνον
1883 1371 2144 1456 ἄνωχθι

303 1477 646 1560 ὅπλεσθαι,
688 1477 769 1541 τὰ
814 1473 889 1542 δὲ
933 1477 1115 1563 δῶρα
1161 1474 1326 1555 ἅναξ
1370 1475 1641 1559 ἀνδρῶν
1678 1469 2101 1560 Ἀγαμέμνων

304 1581 534 1648 οἰσέτω
580 1581 647 1659 ἐς
691 1580 942 1666 μέσσην
987 1581 1261 1666 ἀγορήν,
1308 1581 1420 1646 ἵνα
1463 1582 1704 1658 πάντες
1740 1580 1990 1667 Ἀχαιοὶ

303 1687 753 1773 ὀφθαλμοῖσιν
792 1689 1005 1771 ἴδωσι,
1050 1690 1137 1752 σὺ
1183 1684 1258 1752 δὲ
1295 1684 1494 1773 φρεσὶ
1538 1695 1735 1772 σῇσιν
1779 1690 2035 1774 ἰανθῇς.

250 1863 254 1867 ,
304 1791 596 1878 ὀμνυέτω
643 1790 725 1857 δέ
760 1815 864 1858 τοι
910 1793 1133 1878 ὅρκον,
1180 1792 1255 1858 ἐν
1295 1790 1691 1877 Ἀργείοισιν
1735 1794 2050 1877 ἀναστάς,
2213 1813 2311 1862 175

302 1901 392 1985 μή
434 1919 591 1965 ποτε
633 1907 749 1981 τῆς
790 1898 989 1982 εὐνῆς
1032 1898 1416 1983 ἐπιβήμεναι
1461 1894 1581 1982 ἠδὲ
1625 1908 1923 1984 μιγῆναι,

307 2005 374 2088 [ἢ
420 2003 617 2090 θέμις
661 2004 862 2089 ἐστίν,
908 2003 1093 2087 ἄναξ,
1129 2007 1173 2089 ἤ
1207 1998 1266 2069 τ’
1317 2004 1586 2091 ἀνδρῶν
1630 2007 1674 2089 ἤ
1716 2028 1788 2071 τε
1832 2017 2171 2089 γυναικῶν
2181 2011 2223 2090 ·]

300 2109 412 2176 καὶ
457 2106 533 2176 δὲ
576 2108 683 2177 σοὶ
728 2111 906 2200 αὐτῷ
950 2112 1169 2195 θυμὸς
1211 2107 1316 2177 ἐνὶ
1360 2109 1601 2197 φρεσὶν
1645 2111 1831 2189 ἵλαος
1874 2114 2058 2178 ἔστω.

305 2216 512 2303 αὐτὰρ
558 2217 777 2282 ἔπειτά
822 2232 896 2283 σε
942 2214 1117 2282 δαιτὶ
1161 2214 1263 2282 ἐνὶ
1306 2219 1566 2303 κλισίῃς
1608 2217 1959 2303 ἀρεσάσθω

303 2324 546 2409 πιείρῃ,
591 2322 703 2388 ἵνα
748 2326 837 2407 μή
881 2344 945 2387 τι
991 2324 1179 2406 δίκης
1223 2319 1519 2400 ἐπιδευὲς
1563 2325 1844 2409 ἔχῃσθα·
2213 2341 2312 2391 180

297 2424 614 2514 Ἀτρεΐδη,
660 2431 745 2493 σὺ
792 2422 853 2493 δ’
906 2430 1124 2494 ἔπειτα
1170 2429 1578 2515 δικαιότερος
1619 2427 1729 2494 καὶ
1772 2424 1873 2495 ἐπ’
1924 2430 2099 2517 ἄλλω

306 2536 550 2599 ἔσσεαι·
597 2533 678 2599 οὐ
722 2530 845 2618 μὲν
889 2534 1014 2620 γάρ
1059 2556 1124 2598 τι
1166 2536 1570 2618 νεμεσσητὸν
1613 2537 1895 2618 βασιλῆα

305 2637 495 2727 ἄνδρ’
547 2636 1067 2723 ἀπαρέσσασθαι,
1114 2639 1223 2704 ὅτε
1265 2661 1367 2717 τις
1399 2642 1716 2726 πρότερος
1757 2642 2155 2727 χαλεπήνῃ.“

390 2746 509 2811 τὸν
546 2737 610 2810 δ’
651 2737 807 2810 αὖτε
850 2741 1238 2830 προσέειπεν
1284 2745 1451 2827 ἄναξ
1494 2746 1760 2833 ἀνδρῶν
1797 2743 2247 2832 Ἀγαμέμνων·

304 2854 554 2937 ,,χαίρω
599 2858 740 2933 σεῦ,
785 2850 1179 2935 Λαερτιάδη,
1223 2852 1346 2916 τὸν
1390 2858 1616 2936 μῦθον
1660 2852 1971 2930 ἀκούσας·
2210 2869 2307 2920 185

305 2958 379 3024 έν
424 2960 621 3044 μοίρῃ
665 2957 792 3042 γὰρ
829 2957 1042 3021 πάντα
1088 2957 1299 3022 διίκεο
1343 2957 1455 3022 καὶ
1498 2956 1853 3039 κατέλεξας.

302 3072 508 3131 ταῦτα
553 3056 614 3128 δ’
657 3060 827 3145 ἐγὼν
873 3060 1084 3128 ἐθέλω
1131 3061 1399 3146 ὀμόσαι,
1443 3062 1697 3129 κέλεται
1742 3062 1822 3129 δέ
1860 3087 1941 3149 με
1983 3067 2230 3149 θυμός,

305 3165 452 3235 οὐδ’
503 3168 870 3254 ἐπιορκήσω
914 3168 1081 3253 πρὸς
1125 3169 1461 3254 δαίμονος.
1543 3169 1749 3256 αὐτὰρ
1788 3168 2118 3255 Ἀχιλλεὺς

304 3271 589 3359 μιμνέτω
635 3273 879 3339 αὐτόθι
919 3282 1092 3350 τεῖος
1134 3273 1555 3358 ἐπειγόμενός
1596 3296 1719 3362 περ
1746 3275 2018 3361 Ἀρηος,

304 3384 569 3466 μίμνετε
614 3373 676 3444 δ’
726 3379 917 3444 ἄλλοι
959 3379 1195 3457 πάντες
1238 3378 1523 3464 ἀολλέες,
1569 3381 1749 3467 ὄφρα
1790 3405 1864 3447 κε
1909 3383 2091 3468 δῶρα
2203 3393 2306 3449 190

304 3486 374 3551 ἐκ
418 3487 672 3562 κλισίης
713 3486 951 3569 ἔλθῃσι
992 3480 1103 3550 καὶ
1149 3485 1340 3570 ὅρκια
1381 3487 1579 3550 πιστὰ
1620 3485 1941 3572 τάμωμεν.
