2525 3884
224 191 308 256 16
1031 190 1332 242 mAAoz
1368 192 1435 242 N.

221 329 351 400 ὧδε
396 332 477 399 δέ
518 335 588 399 οἱ
628 332 984 419 φρονέοντι
1030 333 1360 399 δοάσσατο
1387 330 1674 424 ,κέρδιον
1719 324 1918 411 εἶναι,

219 443 418 523 βῆναι
462 433 562 504 ἐπ’
613 441 919 505 Αἰνείαν·
964 441 1083 505 τὸν
1128 433 1193 502 δ’
1243 439 1531 505 ὕστατον
1578 431 1770 522 εὗρεν
1816 435 2052 520 ὁμίλου

221 539 482 611 ἑστεῶτ’
501 565 517 581 ·
565 542 694 610 αἰεὶ
736 546 864 630 γὰρ
913 545 1192 633 Πριάμῳ
1240 544 1545 629 ἐπεμήνιε
1591 543 1745 630 δίῳ,
2125 556 2230 606 460

220 648 439 716 οὕνεκ’
493 647 598 735 ἄρ’
653 649 902 715 ἐσθλὸν
939 649 1134 715 ἐόντα
1169 645 1308 734 μετ’
1349 650 1675 735 ἀνδράσιν
1721 648 1803 713 οὔ
1847 670 1912 712 τι
1954 649 2229 711 τίεσκεν.

219 755 427 840 ἀγχοῦ
472 752 533 821 δ’
588 756 932 840 ἱστάμενος
976 758 1130 821 ἔπεα
1174 758 1530 841 πτερόεντα
1574 754 1945 840 προσηύδα·

220 863 502 946 »Αἰνεία
554 862 803 946 Τρώων
848 864 1257 947 βουληφόρε,
1304 870 1433 926 νῦν
1477 878 1551 927 σε
1596 860 1769 944 μάλα
1813 859 1937 944 χρὴ

218 970 494 1054 γαμβρῷ
544 967 979 1051 ἀμυνέμεναι,
1025 973 1093 1033 εἴ
1128 966 1250 1051 πέρ
1294 970 1366 1033 τί
1404 983 1479 1032 σε
1522 968 1724 1051 κῆδος
1770 965 1995 1031 ἱκάνει.

219 1067 361 1138 ἀλλ’
386 1054 597 1157 ιέὲπευ,
637 1070 976 1162 ’Λλκαθόφ
1023 1074 1474 1158 ἐπαμύνομεν,
1522 1074 1595 1150 ὅς
1640 1089 1715 1138 σε
1760 1072 1966 1157 πάρος
2009 1093 2097 1153 γε,
2121 1086 2227 1136 465

217 1180 513 1264 γαμβρὸς
557 1178 686 1244 ἐὼν
731 1182 977 1265 ἔθρεψε
1022 1182 1251 1264 δόμοις
1296 1181 1398 1245 ἔνι
1440 1180 1692 1245 τυτθὸν
1737 1177 1956 1243 ἐόντα·

218 1286 339 1350 τὸν
386 1283 465 1350 δέ
503 1307 608 1350 τοι
645 1282 1016 1370 Ἰδομενεὺς
1062 1287 1494 1373 δουρικλυτὸς
1536 1282 1967 1367 ἐξενάριξεν.“

310 1384 398 1467 ὧς
443 1392 644 1474 φάτο,
689 1399 780 1479 τῷ
830 1386 892 1457 δ’
942 1393 1070 1477 ἄρα
1114 1392 1339 1476 θυμὸν
1387 1389 1488 1457 ἐνὶ
1532 1393 1892 1475 στήθεσσιν
1938 1392 2192 1475 ὄρινεν,

218 1499 305 1579 βῆ
352 1492 426 1561 δὲ
472 1491 609 1582 μετ’
653 1493 998 1582 Ἰδομενῆα
1045 1496 1210 1582 μέγα
1251 1495 1602 1581 πτολέμοιο
1650 1497 1965 1581 μεμηλώς.

221 1594 363 1667 ἀλλ’
415 1602 537 1667 οὐκ
574 1599 919 1687 Ἰδομενῆα
964 1605 1175 1687 φόβος
1219 1603 1379 1686 λάβε
1422 1604 1782 1686 τηλύγετον
1827 1603 1943 1686 ὥς,
2122 1619 2228 1669 470

222 1701 367 1772 ἀλλ’
416 1703 624 1792 ἔμεν’,
673 1708 761 1785 ὡς
806 1708 913 1774 ὅτε
957 1730 1056 1784 τις
1101 1717 1222 1786 σῦς
1266 1708 1540 1790 οὔρεσιν
1584 1707 1732 1774 ἀλκὶ
1774 1709 2141 1791 πεποιθώς,

222 1814 296 1891 ὅς
337 1837 409 1880 τε
452 1813 635 1898 μένει
678 1810 1086 1898 κολοσυρτὸν
1132 1813 1573 1899 ἐπερχόμενον
1615 1817 1829 1881 πολὺν
1874 1815 2141 1901 ἀνδρῶν

220 1920 413 2007 χώρῳ
461 1919 535 1985 ἐν
580 1921 897 2007 οἰοπόλῳ,
946 1923 1214 2006 φρίσσει
1260 1919 1340 1987 δέ
1377 1943 1448 1985 τε
1492 1932 1704 1987 νῶτον
1750 1922 2069 2005 ὕπερθεν·

222 2026 550 2110 ὀφθαλμὼ
598 2026 638 2090 δ
644 2024 660 2050 ’
714 2026 842 2112 ἄρα
887 2027 958 2092 οἱ
996 2024 1156 2112 πυρὶ
1194 2027 1548 2111 λάμπετον·
1597 2027 1803 2113 αὐτὰρ
1850 2027 2129 2104 ὀδόντας

220 2134 448 2214 θήγει,
496 2130 857 2209 ἀλέξασθαι
900 2133 1161 2218 μεμαὼς
1198 2126 1413 2209 ’κύνας
1456 2129 1576 2217 ἠδὲ
1618 2131 1730 2198 καὶ
1775 2134 2050 2218 ἄνδρας·
2123 2148 2227 2197 475
2357 2203 2362 2206 ,

224 2232 311 2315 ὧς
355 2235 551 2321 μένεν
589 2231 957 2322 Ἰδομενεὺς
1001 2239 1460 2324 δουρικλυτός,
1507 2236 1652 2305 οὐδ’
1703 2239 2097 2324 ὑπεχώρειν,

222 2346 500 2410 Αἰνείαν
538 2342 805 2409 ἐπιόντα
849 2347 1176 2428 βοηθόον·
1249 2341 1370 2411 αὖε
1416 2342 1477 2410 δ’
1532 2344 1858 2431 ἑταίρους,

217 2446 634 2534 Ἀσκάλαφόν
676 2442 734 2513 τ’
785 2448 1037 2535 ἐσορῶν
1075 2445 1371 2538 Ἀφαρῆά
1413 2473 1484 2516 τε
1528 2454 1879 2537 Δηίπυρόν
1922 2474 1992 2516 τε

223 2558 582 2642 Μηριόνην
625 2577 695 2620 τε
738 2553 848 2619 καὶ
887 2549 1294 2641 Ἀντίλοχον,
1340 2559 1685 2643 μήστωρας
1729 2557 1956 2640 ἀυτῆς·

221 2665 379 2739 τοὺς
421 2662 459 2727 ὅ
503 2658 564 2745 γ’
620 2660 1000 2744 ἐποτρύνων
1046 2663 1201 2726 ἔπεα
1242 2666 1600 2748 πτερόεντα
1643 2664 2013 2748 προσηύδα·
2124 2678 2228 2729 480

223 2769 491 2853 ,,δεῦτε,
538 2770 754 2852 φίλοι,
798 2771 915 2833 καί
953 2764 1019 2852 μ’
1073 2773 1193 2856 οἴω
1239 2768 1552 2852 ἀμύνετε·
1599 2769 1813 2834 δείδια
1860 2765 1921 2834 δ’
1974 2771 2175 2846 αἰνῶς

224 2876 505 2941 Αἰνείαν
550 2873 818 2939 ἐπιόντα
860 2875 1072 2951 πόδας
1112 2875 1348 2959 ταχύν,
1396 2875 1469 2953 ὅς
1513 2899 1627 2960 μοι
1674 2878 1951 2958 ἔπεισιν,

225 2979 299 3057 ὃς
343 2979 515 3063 μάλα
556 2981 869 3065 καρτερός
913 2979 1051 3045 ἐστι
1094 2981 1265 3066 μάχῃ
1313 2982 1414 3046 ἔνι
1459 2992 1682 3066 φῶτας
1727 2981 2041 3067 ἐναίρειν·

221 3083 335 3152 καὶ
379 3082 442 3151 δ’
494 3088 627 3170 ἔχει
670 3085 837 3169 ἥβης
880 3086 1123 3169 ἄνθος,
1168 3086 1205 3152 ὅ
1248 3108 1320 3152 τε
1363 3087 1600 3173 κράτος
1645 3085 1782 3153 ἐστὶ
1825 3086 2152 3172 μέγιστον.

225 3194 289 3258 εί
328 3192 454 3278 γὰρ
502 3189 807 3276 ὁμηλικίη
854 3214 932 3275 γε
977 3194 1343 3276 γενοίμεθα
1387 3189 1543 3281 τῷδ’
1598 3191 1705 3259 ἐπὶ
1747 3199 1975 3282 θυμῷ·
2127 3210 2231 3261 485

227 3292 390 3376 αἶψά
432 3321 549 3363 κεν
592 3293 667 3381 ἠὲ
712 3296 983 3383 φέροιτο
1029 3296 1195 3381 μέγα
1237 3299 1475 3384 κράτος
1518 3294 1594 3382 ἠὲ
1640 3302 2033 3386 φεροίμην.“

315 3398 404 3481 ὧς
431 3399 662 3488 ἔφαθ’,
699 3404 772 3469 οἰ
793 3397 855 3468 δ’
879 3404 1007 3486 ἄρα
1042 3404 1283 3480 πάντες
1320 3402 1438 3468 ἕνα
1482 3401 1680 3489 φρεσὶ
1713 3405 1940 3488 θυμὸν
1977 3408 2234 3491 ἔχοντες

227 3513 495 3592 πλησίοι
540 3511 852 3593 ἔστησαν,
899 3505 1077 3575 σάκε’
1131 3510 1367 3593 ὤμοισι
1409 3512 1767 3587 κλίναντες.
