2525 3884
332 219 463 285 170
1136 219 1439 272 muoz
1475 218 1543 271 T.

325 364 447 428 τὸν
493 363 652 447 βάλε
697 360 944 448 μέσσον
989 363 1218 428 ἄκοντι
1261 361 1597 446 ποδάρκης
1642 362 1786 437 δῖος
1822 356 2185 444 Ἀχιλλεύς,

328 481 507 535 νῶτα
551 471 1064 555 παραΐσσοντος,
1111 469 1230 534 ὅθι
1277 472 1601 553 ζωστῆρος
1645 466 1836 552 ὀχῆες

328 576 627 661 χρύσειοι
671 575 955 660 σύνεχον
998 572 1108 640 καὶ
1156 575 1428 650 διπλόος
1469 574 1702 658 ἤντετο
1746 570 2005 658 θώρηξ·
2238 587 2350 637 415

326 680 639 766 ἀντικρὺς
686 678 759 745 δὲ
806 680 1023 765 διέσχε
1066 677 1216 765 παρ’
1265 679 1571 764 ὀμφαλὸν
1616 680 1840 763 ἔγχεος
1883 680 2111 763 αἰχμή,

325 784 490 869 γνὺξ
540 783 602 851 δ’
646 783 817 871 ἐμαί
863 783 1173 869 οἰμώξας,
1218 784 1465 869 νεφέλη
1513 783 1593 850 δέ
1633 808 1749 869 μιν
1795 783 2269 868 ἀμφεκάλυψεν

325 890 605 974 κυανέη,
649 887 844 975 προτὶ
890 881 962 956 οἷ
1001 885 1063 956 δ’
1106 884 1287 974 ἔλαβ’
1337 892 1568 976 ἔντερα
1610 887 1797 975 χερσὶ
1848 892 2164 967 λιασθείς.

400 994 652 1082 Ἕκτωρ
701 990 761 1060 δ’
804 995 893 1072 ὡς
936 994 1170 1079 ἐνόησε
1213 997 1615 1079 κασίγνητον
1660 996 2079 1081 Πολύδωρον

330 1104 563 1187 ἔντερα
607 1098 834 1186 χερσὶν
880 1102 1114 1185 ἔχοντα
1157 1103 1547 1186 λιαζόμενον
1591 1099 1786 1186 προτὶ
1828 1104 2016 1187 γαίη,
2239 1117 2349 1166 420

326 1206 451 1291 κάρ
498 1205 582 1292 ῥά
627 1207 699 1272 oc
746 1206 1120 1291 ὀφθαλμῶν
1175 1201 1391 1292 κέχυτ’
1439 1205 1667 1291 ἀχλύς·
1722 1204 1868 1272 οὐδ’
1912 1202 2017 1292 ἄρ’
2058 1203 2146 1272 ἔτ’
2192 1209 2349 1290 ἔτλη

333 1313 543 1397 δηρὸν
589 1309 739 1389 ἑκὰς
783 1309 1199 1398 στρωφᾶσθ’,
1247 1307 1391 1377 ἀλλ’
1424 1311 1647 1389 ἀντίος
1689 1307 1848 1396 ἦλθ’
1883 1308 2132 1396 Ἀχιλῆι

329 1416 449 1495 ὀξὺ
498 1418 665 1504 δόρυ
709 1419 1048 1505 κραδάων,
1096 1416 1297 1504 φλογὶ
1339 1423 1604 1514 εἴκελος.
1695 1417 1903 1504 αὐτὰρ
1941 1414 2277 1502 Ἀχιλλεὺς

331 1522 424 1599 ὡς
467 1517 619 1606 εἶδ’,
666 1518 755 1600 ὥς
799 1522 1152 1607 ἀνέπαλτο,
1199 1521 1310 1590 καὶ
1355 1524 1710 1608 εὐχόμενος
1752 1525 1909 1601 ἔπος
1951 1523 2155 1606 ηὔδα·

329 1626 572 1710 »ἐγγὺς
626 1627 826 1715 ἀνήρ,
881 1629 956 1705 ὃς
1001 1629 1161 1713 ἐμόν
1204 1652 1281 1711 γε
1338 1624 1595 1714 μάλιστ’
1636 1629 2039 1714 ἐσεμάσσατο
2085 1631 2349 1715 θυμόν,

328 1733 403 1809 ὅς
447 1754 560 1817 μοι
608 1731 870 1819 ἑταῖρον
914 1737 1158 1819 ἔπεφνε
1202 1733 1570 1820 τετιμένον·
1616 1730 1764 1801 οὐδ’
1807 1734 1892 1800 ἂν
1935 1737 2033 1800 ἔτι
2079 1737 2206 1820 δὴν
2238 1752 2351 1803 426

328 1838 657 1922 ἀλλήλους
699 1842 1113 1924 πτώσσοιμεν
1159 1840 1287 1906 ἀνὰ
1329 1840 1679 1926 πτολέμοιο
1724 1842 2084 1928 γεφύρας.“

418 1938 461 2027 ἦ
506 1941 617 2009 καὶ
661 1943 921 2030 ὑπόδρα
969 1945 1133 2010 ἰδὼν
1176 1946 1648 2031 προσεφώνεεν
1694 1943 1976 2031 Ἕκτορα
2023 1948 2202 2012 δῖον·

331 2044 588 2133 ,,ἆσσον
634 2047 765 2135 ἴθ’,
821 2051 909 2127 ὥς
959 2073 1076 2116 κεν
1128 2056 1393 2117 θᾶσσον
1446 2049 1737 2137 ὀλέθρου
1790 2046 2060 2138 πείραθ’
2101 2052 2353 2137 ἴκηαι.“

327 2158 448 2221 τὸν
496 2150 558 2221 δ’
602 2155 684 2220 οὐ
727 2159 1061 2241 ταρβήσας
1099 2154 1403 2242 προσέφη
1439 2159 1884 2243 κορυθαίολος
1910 2156 2194 2244 Ἕκτωρ·
2240 2174 2352 2224 430

330 2262 705 2344 ,,Πηλεΐδη,
751 2263 839 2347 μὴ
887 2264 971 2346 δή
1005 2259 1076 2349 μ’
1119 2262 1386 2328 ἐπέεσσί
1422 2285 1498 2346 γε
1542 2264 1867 2346 νηπύτιον
1913 2263 2006 2342 ὣς

330 2369 522 2432 ἔλπεο
570 2366 1009 2452 δειδίξεσθαι,
1055 2367 1196 2435 ἐπεὶ
1240 2369 1422 2453 σάφα
1467 2363 1620 2434 οἶδα
1663 2367 1773 2434 καὶ
1818 2369 2016 2448 αὐτὸς

330 2469 496 2558 ἠμὲν
541 2475 887 2557 κερτομίας
929 2470 1037 2557 ἠδ’
1090 2480 1331 2540 αἴσυλα
1376 2476 1831 2560 μυθήσασθαι.

331 2574 485 2644 οἶδα
524 2575 614 2661 δ’,
652 2578 754 2643 ὅτι
790 2581 875 2643 σὺ
911 2576 1034 2663 μὲν
1069 2579 1341 2664 ἐσθλός,
1389 2580 1516 2664 ἐγὼ
1548 2577 1622 2646 δὲ
1649 2580 1851 2647 σέθεν
1877 2584 2050 2648 πολὺ
2075 2585 2354 2668 χείρων·

330 2682 475 2750 ἀλλ’
517 2679 560 2768 ἦ
604 2706 710 2748 τοι
754 2680 875 2769 μὲν
918 2693 1125 2750 ταῦτα
1168 2692 1353 2751 θεῶν
1397 2685 1472 2752 έν
1515 2687 1800 2770 γούνασι
1841 2698 2078 2770 κεῖται,
2241 2703 2352 2754 435

331 2797 411 2855 αἴ
445 2789 524 2857 κέ
565 2806 640 2856 σε
688 2792 1058 2876 χειρότερός
1101 2812 1222 2876 περ
1261 2791 1389 2857 ἐὼν
1436 2791 1562 2857 ἀπὸ
1607 2793 1834 2877 θυμὸν
1878 2792 2126 2878 ἕλωμαι

336 2893 531 2983 δουρὶ
565 2896 821 2980 βαλών,
868 2894 1008 2961 ἐπεὶ
1042 2891 1085 2980 ἦ
1131 2894 1241 2963 καὶ
1280 2897 1441 2981 ἐμὸν
1484 2896 1676 2982 βέλος
1720 2897 1838 2977 ὀξὺ
1883 2898 2279 2984 πάρονθεν.“

421 2997 464 3086 ἦ
510 3001 595 3089 ῥα
631 3000 743 3068 καὶ
786 3002 1184 3087 ἀμπεπαλὼν
1226 3006 1446 3089 προΐει
1482 3004 1676 3089 δόρυ·
1718 3001 1830 3070 καὶ
1873 3006 1950 3069 τό
1993 3002 2057 3087 γ’
2095 3000 2351 3088 Ἀθήνη

333 3118 534 3194 πνοιῇ
574 3106 909 3194 Ἀχιλλῆος
951 3108 1151 3175 πάλιν
1198 3112 1436 3195 ἔτραπε
1476 3111 1904 3194 κυδαλίμοιο,

333 3213 459 3300 ἧκα
505 3216 677 3302 μάλα
722 3214 1009 3295 ψύξασα·
1053 3217 1129 3282 τὸ
1176 3212 1238 3281 δ’
1283 3213 1378 3294 ἂψ
1422 3210 1593 3281 ἵκεθ’
1636 3213 1921 3298 ’Ἕκτορα
1968 3217 2149 3299 δῖον,
2240 3230 2350 3281 440

336 3324 543 3389 αὐτοῦ
598 3319 672 3388 δὲ
726 3320 1142 3407 προπάροιθε
1184 3322 1416 3387 ποδῶν
1460 3320 1679 3388 πέσεν.
1768 3321 1977 3415 αὐτὰρ
2016 3318 2353 3407 Ἀχιλλεὺς

336 3430 676 3517 ἐμμεμαὼς
720 3427 1071 3513 ἐπόρουσε,
1114 3428 1594 3513 κατακτάμεναι
1628 3430 2026 3521 μενεαίνων,

338 3534 705 3622 σμερδαλέα
752 3534 985 3619 ἰάχων·
1028 3535 1146 3600 τὸν
1193 3531 1254 3600 δ’
1300 3534 1655 3621 ἐξήρπαξεν
1691 3532 2030 3601 Ἀπόλλων
