2525 3884
294 142 381 207 32
1103 142 1407 193 1A1AA02
1444 142 1507 200 Ξ.

290 288 650 350 πείθεσθαι
694 281 804 349 καὶ
849 285 937 368 μή
980 306 1045 348 τι
1087 287 1257 371 κότφ
1306 283 1646 367 ἀγάσησθε
1690 281 1990 366 ἕκαστος,

296 391 538 455 οὕνεκα
587 391 669 474 δὴ
714 399 989 475 γενεῆφι
1034 391 1359 466 νεώτατός
1404 392 1535 474 εἰμι
1581 385 1732 474 μεθ’
1785 388 1972 471 ὑμῖν·

287 498 533 582 πατρὸς
579 494 638 561 δ’
693 496 758 575 ἐξ
804 496 1068 581 ἀγαθοῦ
1111 494 1221 561 καὶ
1268 497 1395 579 ἐγὼ
1441 495 1635 580 γένος
1679 494 1952 579 εὔχομαι
1996 490 2169 559 εἶναι

297 601 573 685 Τυδέος,
621 602 701 669 ὃν
747 606 1005 688 Θήβῃσι
1049 603 1210 687 χυτὴ
1256 605 1421 668 κατὰ
1464 613 1621 685 γαῖα
1663 601 1993 667 καλύπτει.

290 711 559 793 Πορθεῖ
598 711 724 795 γὰρ
767 720 942 796 τρεῖς
986 709 1216 784 παῖδες
1260 708 1593 793 ἀμύμονες
1638 707 2047 792 ἐξεγένοντο,
2196 724 2319 775 115

290 811 504 899 ᾤκεον
550 811 611 878 δ’
665 815 739 880 έν
785 819 1138 900 Πλευρῶνι
1180 811 1291 879 καὶ
1337 816 1599 900 αἰπεινῇ
1645 813 2033 894 Καλυδῶνι,

276 914 539 1003 ’Ἀγριος
584 916 703 1002 ἠδὲ
746 918 1005 1002 Μέλας,
1051 923 1349 1004 τρίτατος
1396 915 1461 984 δ’
1511 915 1597 1003 ἦν
1644 920 1880 984 ἱππότα
1919 918 2181 995 Οἰνεύς,

286 1025 531 1108 πατρὸς
575 1024 758 1108 ἐμοῖο
802 1029 1041 1110 πατήρ·
1087 1025 1283 1111 ἀρετῇ
1329 1023 1393 1091 δ’
1445 1021 1530 1110 ἦν
1574 1025 1797 1110 ἔξοχος
1842 1025 2081 1092 αὐτῶν.

287 1127 430 1194 ἀλλ’
475 1130 510 1195 ὁ
558 1127 680 1214 μὲν
727 1131 966 1196 αὐτόθι
1013 1143 1222 1215 μεῖνε,
1269 1134 1482 1216 πατὴρ
1530 1126 1592 1197 δ’
1634 1129 2036 1216 έμὸςἍργει·
2073 1129 2309 1215 νάσθη

290 1240 677 1320 πλαγχθείς·
724 1232 813 1314 ὧς
848 1238 974 1324 γάρ
1018 1260 1150 1304 που
1181 1242 1349 1316 Ζεὺς
1382 1241 1585 1322 ἤθελε
1612 1235 1720 1302 καὶ
1763 1234 1916 1303 θεοὶ
1944 1239 2150 1302 ἄλλοι.
2195 1253 2310 1303 120

143 1348 153 1357 ⁴
280 1335 663 1426 Ἀδρήστοιο
712 1343 783 1407 δ’
830 1345 1028 1428 ἔγημε
1071 1351 1454 1430 θυγατρῶν,
1498 1354 1644 1409 ναῖε
1691 1340 1765 1408 δὲ
1813 1343 2000 1427 δῶμα

287 1446 568 1531 ἀφνειὸν
603 1451 886 1532 βιότοιο,
933 1450 1076 1527 ἅλις
1122 1448 1203 1514 δέ
1243 1451 1315 1514 οἱ
1353 1445 1525 1533 ἦσαν
1569 1451 1851 1535 ἄρουραι

285 1556 684 1638 πυροφόροι,
729 1552 965 1620 πολλοὶ
1011 1551 1086 1620 δὲ
1131 1566 1365 1639 φυτῶν
1410 1557 1570 1621 ἔσαν
1616 1557 1883 1641 ὄρχατοι
1928 1555 2162 1640 ἀμφίς,

286 1660 496 1723 πολλὰ
541 1657 620 1724 δέ
660 1660 731 1724 οἴ
770 1658 1044 1745 πρόβατ’
1088 1663 1260 1726 ἔσκε·
1306 1659 1582 1727 κέκαστο
1621 1658 1697 1726 δὲ
1731 1661 1979 1738 πάντας
1999 1656 2307 1746 Ἀχαιοὺς

288 1763 538 1849 ἐγχείῃ·
582 1766 665 1828 τὰ
710 1760 784 1829 δὲ
829 1761 1080 1849 μέλλετ’
1132 1764 1483 1851 ἀκουέμεν,
1531 1768 1594 1832 εἰ
1636 1767 1819 1833 ἐτεόν
1861 1788 2003 1852 περ.
2194 1785 2303 1835 125

283 1878 375 1957 τῷ
423 1868 547 1934 οὐκ
590 1872 673 1935 ἄν
719 1893 798 1955 με
841 1870 1036 1953 γένος
1078 1895 1155 1954 γε
1199 1874 1404 1938 κακὸν
1447 1870 1556 1938 καὶ
1603 1872 1921 1938 ἀνάλκιδα
1966 1874 2209 1958 φάντες

286 1983 510 2060 μῦθον
556 1976 931 2062 ἀτιμήσαιτε
976 1977 1433 2062 πεφασμένον,
1481 1979 1561 2045 ὅν
1604 1973 1665 2043 κ’
1716 1978 1791 2043 ἐὺ
1835 1985 2014 2044 εἴπω.

287 2082 473 2146 δεῦτ’
521 2089 708 2167 ἴομεν
750 2084 1148 2168 πολεμόνδε,
1193 2082 1306 2149 καὶ
1350 2084 1710 2168 οὐτάμενοί
1746 2106 1890 2170 περ,
1937 2086 2214 2171 ἀνάγκῃ·

287 2190 460 2252 ἔνθα
504 2183 566 2253 δ’
618 2186 813 2255 ἔπειτ’
867 2188 1058 2255 αὐτοὶ
1104 2187 1225 2274 μὲν
1274 2191 1575 2276 ἐχώμεθα
1621 2193 1964 2275 δηιοτῆτος

285 2293 358 2358 ἐκ
401 2292 671 2379 βελέων,
716 2298 804 2380 μή
848 2298 980 2362 πού
1023 2321 1124 2373 τις
1168 2295 1280 2382 ἐφ’
1334 2297 1510 2364 ἕλκει·
1551 2297 1737 2375 ἕλκος
1782 2299 2058 2384 ἄρηται·
2191 2314 2300 2364 130

288 2400 530 2476 ἄλλους
576 2400 647 2466 δ’
695 2400 1086 2484 ὀτρύνοντες
1131 2403 1485 2489 ἐνήσομεν,
1534 2408 1606 2469 οἳ
1641 2405 1718 2470 τὸ
1762 2405 1969 2488 πάρος
2014 2424 2134 2489 περ

283 2511 481 2593 θυμῷ
527 2501 656 2591 ἦρα
701 2504 1017 2593 φέροντες
1062 2507 1377 2594 ἀφεστᾶσ’
1429 2507 1589 2575 οὐδὲ
1633 2510 2036 2594 μάχονται.“’

374 2606 462 2688 ὧς
489 2608 718 2697 ἔφαθ’,
749 2614 820 2676 οἴ
841 2610 903 2677 δ’
939 2615 1066 2700 ἄρα
1102 2624 1223 2680 τοῦ
1249 2614 1422 2701 μάλα
1458 2612 1579 2700 μὲν
1606 2616 1813 2681 κλύον
1840 2613 1961 2700 ἡδὲ
1984 2618 2298 2680 πίθοντο·

284 2717 413 2801 βὰν
442 2713 502 2781 δ’
539 2723 705 2801 ἴμεν,
743 2713 901 2806 ἦρχε
930 2716 991 2785 δ’
1026 2722 1154 2804 ἄρα
1185 2737 1350 2805 σφιν
1376 2719 1538 2799 ἄναξ
1567 2720 1836 2807 ἀνδρῶν
1858 2717 2298 2807 Ἀγαμέμνων.

379 2823 504 2888 οὐδ
518 2823 559 2893 ⁹(
585 2821 1291 2910 ἀλαᾲς-σκοπιὴνίεῖχε
1334 2829 1571 2904 κλυτὸς
1616 2827 2058 2912 ἐννοσίγαιος,
2191 2842 2299 2893 135

285 2928 450 2994 ἀλλὰ
494 2926 631 3014 μετ’
684 2930 926 3009 αὐτοὺς
969 2928 1137 3016 ἦλθε
1182 2939 1436 3022 παλαιῷ
1484 2931 1656 3018 φωτὶ
1702 2934 1949 3018 ἐοικώς,

285 3033 622 3120 δεξιτερὴν
668 3032 730 3103 δ’
781 3036 885 3103 ἕλε
930 3036 1091 3125 χεῖρ’
1137 3036 1624 3125 Ἀγαμέμνονος
1662 3036 2018 3126 Ἀτρεΐδαο,

282 3145 401 3206 καί
439 3167 553 3226 μιν
600 3146 917 3229 φωνήσας
961 3148 1115 3212 ἔπεα
1158 3150 1515 3231 πτερόεντα
1559 3148 1935 3231 προσηύδα·

282 3243 637 3332 ,,Ἀτρεΐδη,
681 3257 810 3314 νῦν
856 3251 938 3334 δή
972 3272 1104 3317 που
1144 3248 1479 3336 Ἀχιλλῆος
1523 3252 1722 3318 ὀλοὸν
1765 3262 1889 3338 κῆρ

282 3360 488 3436 γηθεῖ
528 3351 627 3419 ἐνὶ
675 3356 1014 3439 στήθεσσι,
1060 3358 1278 3440 φόνον
1321 3356 1430 3422 καὶ
1476 3358 1690 3442 φύζαν
1728 3356 2005 3442 Ἀχαιῶν
2194 3374 2297 3424 140

283 3458 690 3549 δερκομένω,
737 3459 874 3527 ἐπεὶ
920 3462 1003 3527 ού
1049 3463 1119 3526 οἴ
1158 3464 1259 3526 ἔνι
1304 3461 1573 3546 φρένες,
1621 3457 1768 3528 οὐδ’
1816 3464 2061 3547 ἠβαιαί.
