2525 3884
307 207 395 272 50
696 186 702 203 '
1115 205 1418 256 ΙΛῙΑΔΟΣ
1457 205 1520 256 ο.

306 345 477 434 ἦλθε
513 353 740 431 κακόν,
783 351 861 414 τό
908 348 978 413 oc
1020 347 1103 413 οὔ
1145 370 1247 424 τις
1292 346 1610 430 ἐρύκακεν
1658 346 1934 431 ἱεμένων
1979 368 2119 430 περ.
2209 361 2337 409 450

310 454 539 540 αὐχένι
572 456 699 541 γάρ
747 455 818 519 οἰ
857 455 1097 520 ὄπισθε
1141 454 1552 529 πολύστονος
1597 454 1874 538 ἔμπεσεν
1920 454 2041 529 ι’ός·

306 562 501 646 ἤριπε
548 558 609 626 δ’
662 559 729 638 ἐξ
777 559 1008 645 ὀχέων,
1054 559 1452 645 ὑπερώησαν
1495 557 1576 623 δέ
1617 560 1689 624 οἰ
1725 559 1914 624 ἵπποι

308 662 470 731 κείν’
523 669 678 752 ὄχεα
721 665 1120 751 κροτέοντες.
1193 663 1357 742 ἀναξ
1405 658 1467 728 δ’
1518 664 1750 747 ἐνόησε
1794 665 2061 749 τάχιστα

310 773 781 857 Πουλυδάμας,
825 769 937 837 καὶ
980 781 1238 856 πρῶτος
1283 769 1579 848 ἐναντίος
1613 772 1872 854 ἤλυθεν
1912 771 2149 835 ἵππων.

310 881 465 955 τοὺς
510 876 631 963 μὲν
678 878 715 943 ὅ
759 873 823 960 γ’
869 875 1202 964 Ἀστυνόῳ
1249 877 1667 963 Προτιάονος
1711 874 1844 941 υἱέι
1890 877 2122 957 δῶκεν,
2214 889 2334 939 455

309 985 522 1049 πολλὰ
566 979 633 1049 δ’
685 982 1019 1069 ἐπώτρυνε
1066 982 1308 1067 σχεδὸν
1354 988 1564 1066 ἴσχειν
1600 984 2003 1068 εἰσορόωντα

310 1088 574 1166 ἵππους·
624 1091 820 1167 αὐτὸς
867 1083 929 1154 δ’
982 1082 1166 1164 αὖτις
1213 1089 1336 1153 ι’ὼν
1379 1090 1820 1174 προμάχοισιν
1866 1087 2123 1173 ἐμίχθη.

407 1200 696 1279 Τεῦκρος
752 1194 814 1260 δ’
867 1196 1072 1260 ἄλλον
1118 1192 1345 1259 ὀιστὸν
1391 1192 1495 1278 ἐφ’
1525 1193 1791 1279 ’Ἐκτορι
1826 1199 2332 1280 χαλκοκορυστῇ

311 1306 562 1384 αἴνυτο,
609 1304 727 1366 καί
763 1324 880 1366 κεν
926 1303 1170 1366 ἔπαυσε
1217 1300 1433 1384 μάχην
1478 1299 1584 1365 ἐπὶ
1628 1300 1870 1385 νηυσὶν
1908 1295 2207 1384 Ἀχαιῶν,

312 1410 381 1470 εἴ
417 1431 533 1491 μιν
577 1407 1012 1492 ἀριστεύοντα
1058 1406 1282 1488 βαλὼν
1328 1405 1607 1485 ἐξείλετο
1651 1409 1896 1489 θυμόν.
2218 1423 2331 1472 460

312 1509 454 1575 ἀλλ’
508 1513 590 1578 οὐ
636 1518 802 1597 λῆθε
848 1514 1016 1589 Διὸς
1058 1511 1345 1576 πυκινὸν
1388 1514 1573 1594 νόον,
1610 1512 1683 1589 ὅς
1727 1512 1811 1597 ῥα
1855 1514 2200 1597 φύλασσεν

297 1611 586 1700 ”Ε’Λιτορ’,
636 1618 797 1701 ἀτὰρ
851 1620 1147 1700 Τεῦκρον
1201 1617 1627 1700 Τελαμώνιον
1672 1613 1861 1702 εὖχος
1904 1618 2190 1704 ἀπηύρα,

314 1722 387 1798 ὅς
434 1724 505 1786 οἰ
545 1722 910 1807 ἐυστρεφέα
953 1723 1204 1808 νευρὴν
1249 1721 1324 1787 ἐν
1370 1721 1658 1807 ἀμύμονι
1701 1724 1869 1811 τόξῳ

313 1826 453 1912 ῥῆξ’
508 1826 612 1893 ἐπὶ
655 1836 745 1916 τῷ
792 1828 1082 1912 ἐρύοντι·
1128 1828 1602 1913 παρεπλάγχθη
1651 1828 1730 1895 δέ
1771 1832 1842 1896 oc
1881 1832 2044 1918 ἄλλῃ

316 1935 415 2010 ἰὸς
457 1937 889 2020 χαλκοβαρής,
928 1933 1122 2012 τόξον
1170 1932 1248 1998 δέ
1291 1934 1362 1999 οἰ
1401 1936 1630 2000 ἔκπεσε
1673 1939 1908 2021 χειρός;
2223 1953 2331 2003 465

322 2044 610 2125 Τεῦκρος
656 2035 719 2104 δ’
770 2040 1109 2126 ἐρρίγησε,
1154 2043 1558 2124 κασίγνητον
1604 2038 1679 2106 δὲ
1723 2044 2101 2127 προσηύδα·

184 2218 189 2225 ‚
313 2147 413 2229 „ab
459 2149 679 2229 πόποι,
724 2142 767 2230 ἦ
814 2147 897 2230 δὴ
943 2147 1162 2230 πάγχυ
1207 2145 1418 2230 μάχης
1464 2145 1568 2211 ἐπὶ
1613 2149 1821 2231 μήδεα
1864 2152 2066 2233 κείρει
2147 2217 2154 2223 ,

317 2253 573 2336 δαίμων
617 2249 954 2337 ἡμετέρης,
1001 2252 1038 2317 ὄ
1082 2250 1159 2316 τέ
1199 2275 1314 2335 μοι
1358 2254 1508 2335 βιὸν
1555 2255 1788 2336 ἔκβαλε
1831 2258 2066 2340 χειρός,

314 2358 563 2443 νευρὴν
611 2355 669 2422 δ’
724 2357 1023 2444 ἐξέρρηξε
1069 2361 1505 2444 νεόστροφον,
1550 2360 1636 2443 ἣν
1683 2358 1964 2445 ἐνέδησα

316 2463 593 2548 πρώιον,
635 2461 794 2547 ὄφρ’
836 2463 1137 2548 ἀνέχοιτο
1165 2466 1356 2548 θαμά
1389 2464 1821 2549 θρώσκοντας
1849 2465 2175 2543 ὀιστούς.“
2221 2485 2333 2535 470

255 2644 259 2649 ⁴
406 2571 525 2634 τὸν
573 2566 633 2633 δ’
686 2565 972 2653 ἠμείβετ’
1025 2573 1244 2635 ἔπειτα
1290 2568 1493 2654 μέγας
1544 2572 1961 2655 Τελαμώνιος
2004 2579 2201 2650 Αἶας·

318 2672 416 2759 ,,ώ
462 2674 695 2757 πέπον,
743 2674 907 2739 ἀλλὰ
953 2676 1104 2758 βιὸν
1150 2672 1273 2760 μὲν
1320 2678 1394 2740 ἔα
1437 2673 1549 2740 καὶ
1593 2675 1882 2761 ταρφέας
1928 2679 2070 2755 ἰοὺς

316 2788 603 2865 κεῖσθαι,
651 2779 791 2845 ἐπεὶ
836 2779 1150 2865 συνέχευε
1195 2783 1358 2858 θεὸς
1402 2786 1731 2847 Δαναοῖσι
1775 2785 2087 2870 μεγήρας·

319 2888 525 2973 αὐτὰρ
571 2885 799 2971 χερσὶν
847 2885 1018 2951 ἑλὼν
1064 2888 1334 2970 δολιχὸν
1381 2889 1547 2973 δόρυ
1592 2886 1701 2953 καὶ
1748 2890 1949 2967 σάκος
1993 2891 2147 2980 ὤμῳ

319 2995 577 3078 μάρναό
619 3016 691 3058 τε
744 2994 1044 3078 Τρώεσσι
1086 2991 1196 3058 καὶ
1243 2994 1486 3071 ἄλλους
1531 2996 1778 3081 ὄρνυθι
1822 2973 2038 3073 λαούς.
2221 3016 2330 3067 475

318 3101 407 3184 μὴ
454 3101 586 3184 μὰν
630 3099 924 3164 ἀσπουδί
960 3122 1056 3182 γε,
1107 3099 1607 3184 δαμασσάμενοί
1644 3122 1787 3187 περ,
1834 3101 2048 3168 ἕλοιεν

316 3214 481 3289 νῆας
526 3204 948 3289 ἐυσσέλμους,
997 3204 1162 3270 ἀλλά
1208 3207 1616 3289 μνησώμεθα
1660 3208 1974 3294 χάρμης.“

408 3306 496 3388 ὧς
541 3310 742 3397 φάθ’,
791 3312 827 3378 ὁ
875 3309 948 3377 δὲ
993 3310 1187 3389 τόξον
1234 3308 1356 3395 μὲν
1405 3310 1504 3376 ἐνὶ
1549 3318 1883 3399 κλισίῃσιν
1930 3317 2195 3401 ἔθηκεν,

318 3419 525 3505 αὐτὰρ
572 3419 609 3484 ὄ
654 3415 720 3501 γ’
775 3412 939 3503 ἀμφ’
993 3419 1229 3502 ὤμοισι
1275 3418 1476 3494 σάκος
1519 3417 1680 3484 θέτο
1726 3420 2286 3507 τετραθέλυμνον,

317 3523 506 3609 κρατὶ
555 3519 616 3590 δ’
671 3520 770 3590 ἐπ’
826 3527 1084 3613 ι’φθίμῳ
1131 3523 1379 3608 κυνέην
1429 3524 1742 3589 ἐύτυκτον
1788 3528 2031 3609 ἔθηκεν
2223 3544 2329 3596 480
