2525 3884
981 169 1282 221 ΙΑΙΑΔΟΣ
1317 169 1513 221 xvm„
2119 164 2251 229 135

257 313 381 394 τὴν
421 309 491 377 δὲ
535 314 633 378 ἴδε
676 315 1105 396 προμολοῦσα
1150 310 1358 397 Χάρις
1401 310 2008 397 λιπαροκρήδεμνος

256 420 442 501 καλή,
485 419 603 502 τὴν
650 417 856 483 ὤπυιε
898 419 1286 501 περικλυτὸς
1330 417 1749 502 ἀμφιγυήεις·

258 523 334 586 ἒν
372 517 427 586 τ’
465 524 588 608 ἄρα
635 524 707 588 οἱ
753 530 853 606 φῦ
907 525 1104 608 χειρί,
1161 525 1317 598 ἔπος
1360 519 1418 586 τ’
1461 516 1648 606 ἔφατ’
1690 525 1761 588 ἔκ
1805 519 1863 587 τ’
1907 521 2254 607 ὀνόμαζεν·

255 630 498 710 ,,τίπτε,
543 627 699 693 Θέτι
741 627 1137 711 τανύπεπλε,
1186 628 1433 706 ἱκάνεις
1474 627 1792 714 ἡμέτερον
1839 629 1933 693 δῶ
2149 642 2251 693 385

256 734 464 817 αἰδοίη
508 756 578 799 τε
624 737 788 818 φίλη
832 756 935 812 τες
983 733 1192 821 πάρος
1234 758 1312 817 γε
1357 730 1478 819 μὲν
1524 733 1607 799 οὔ
1651 756 1716 800 τι
1758 736 2073 818 θαμίζεις.

130 908 135 912 ,
256 833 394 903 ἀλλ’.
433 838 584 905 ἕπεο
630 837 959 924 προτέρω,
997 840 1109 904 ἵνα
1153 861 1258 905 τοι
1300 842 1432 925 πὰρ
1480 839 1686 918 ξείνια
1729 840 1961 905 θείω.“

338 938 421 1020 ὧς
463 945 592 1028 ἄρα
637 947 1004 1027 φωνήσασα
1047 947 1277 1030 πρόσω
1322 947 1440 1029 ἄγε
1485 947 1597 1011 δῖα
1641 946 1886 1012 θεάων.

186 1122 193 1129 ‚
253 1049 366 1131 τὴν
409 1045 530 1134 μὲν
577 1051 796 1117 ἔπειτα
841 1057 1154 1116 καθεῖσεν
1199 1049 1308 1117 ἐπὶ
1351 1053 1609 1137 θρόνου
1656 1051 2077 1139 ἀργυροήλου

253 1159 449 1219 καλοῦ
493 1152 878 1221 δαιδαλέου·
924 1155 1052 1221 ὑπὸ
1101 1153 1175 1222 δὲ
1218 1162 1479 1241 θρῆνυς
1520 1153 1720 1222 ποσὶν
1764 1152 1910 1240 ἦεν·
2148 1173 2253 1222 390

252 1257 501 1325 κέκλετο
550 1256 614 1323 δ’
640 1258 1014 1346 ’Ήφαιστον
1057 1260 1499 1344 κλυτοτέχνην
1544 1255 1689 1326 εἷπέ
1727 1283 1796 1326 τε
1842 1267 2091 1346 μῦθον·

176 1374 183 1381 ’
253 1362 634 1450 ,ξἨφαιστε,
677 1363 955 1451 πρόμολ’
999 1360 1155 1432 ὧδε·
1202 1362 1393 1442 Θέτις
1436 1365 1524 1430 νύ
1567 1388 1633 1429 τι
1678 1375 1816 1430 σεῖο
1861 1367 2165 1450 χατίζει.“

251 1473 361 1555 τὴν
409 1467 472 1536 δ’
515 1465 800 1554 ἠμείβετ’
841 1473 1059 1537 ἔπειτα
1105 1470 1491 1557 περικλυτὸς
1535 1470 1955 1555 ἀμφιγυήεις·

249 1573 326 1661 ,,ἦ
375 1577 461 1662 ῥά
505 1578 592 1642 νύ
638 1600 751 1662 μοι
797 1578 982 1661 δεινή
1025 1601 1096 1643 τε
1140 1575 1250 1642 καὶ
1298 1578 1517 1660 αἰδοίη
1562 1578 1723 1654 θεὸς
1768 1578 1996 1663 ἔνδον,

248 1683 287 1766 ἥ
329 1677 397 1768 μ’
439 1680 703 1766 ἐσάωσ’,
750 1683 859 1748 ὅτε
904 1680 968 1766 μ’
1014 1684 1214 1766 ἄλγος
1257 1682 1530 1768 ἀφίκετο
1574 1687 1729 1768 τῆλε
1771 1687 2058 1751 πεσόντα
2147 1698 2254 1750 395

247 1790 487 1874 μητρὸς
533 1787 689 1872 ἐμῆς
735 1790 942 1872 ἰότητι
984 1789 1389 1872 κυνώπιδος,
1435 1790 1477 1873 ἥ
1522 1786 1589 1874 μ’
1643 1789 1963 1873 ἐθέλησεν

245 1895 493 1981 κρύψαι
536 1896 754 1979 χωλὸν
801 1894 1018 1959 ἐόντα·
1061 1890 1196 1960 τότ’
1239 1894 1325 1961 ἂν
1368 1896 1593 1961 πάθον
1638 1895 1840 1977 ἄλγεα
1883 1901 2113 1982 θυμῷ,

247 2002 306 2064 εἰ
347 2002 436 2085 μή
481 1996 548 2085 μ’
591 2000 953 2086 Εὐρυνόμη
998 2021 1068 2064 τε
1113 1997 1302 2077 Θέτις
1345 1997 1417 2066 θ’
1461 1998 1816 2078 ὑπεδέξατο
1861 2001 2114 2087 κόλπῳ,

246 2106 606 2192 Εὐρυνόμη
653 2105 957 2191 θυγάτηρ
1005 2104 1348 2191 ἀψορρόου
1390 2100 1743 2170 Ὠκεανοῖο.

244 2220 393 2296 τῇσι
436 2208 593 2297 παρ’
649 2211 931 2289 εἰνάετες
974 2211 1298 2295 χάλκευον
1346 2211 1628 2275 δαίδαλα
1671 2208 1910 2291 πολλά,
2149 2226 2254 2276 400

247 2320 500 2403 πόρπας
541 2339 613 2383 τε
660 2317 998 2402 γναμπτάς
1032 2310 1106 2381 θ’
1148 2302 1366 2393 ἕλικας
1408 2315 1708 2393 κάλυκάς,
1726 2338 1796 2380 τε
1831 2311 1940 2380 καὶ
1977 2316 2255 2401 ὅρμους,

250 2422 321 2487 έν
367 2431 525 2506 σπῆι
567 2427 921 2510 γλαφυρῷ,
967 2418 1117 2510 περὶ
1164 2418 1237 2487 δὲ
1285 2421 1441 2508 ῥόος
1478 2418 1815 2487 Ὠκεανοῖο

251 2527 438 2616 ἀφρῷ
485 2528 845 2614 μορμύρων
892 2525 1041 2614 ῥέεν
1088 2528 1391 2604 ἄσπετος·
1439 2524 1604 2593 οὐδέ
1641 2549 1740 2604 τις
1784 2527 1982 2603 ἄλλος

250 2631 443 2718 ᾔδεεν
489 2633 641 2698 οὔτε
685 2640 870 2698 θεῶν
916 2633 1069 2698 οὔτε
1112 2640 1386 2716 θνητῶν
1421 2632 1829 2719 ἀνθρώπων,

249 2738 412 2817 ἀλλὰ
456 2738 646 2817 Θέτις
687 2762 757 2804 τε
799 2736 910 2804 καὶ
954 2739 1320 2825 Εὐρυνόμη
1368 2743 1551 2822 ἴσαν,
1598 2738 1673 2804 αἵ
1711 2761 1790 2823 με
1835 2737 2119 2803 σάωσαν.
2148 2754 2253 2804 405

249 2843 289 2926 ἣ
334 2851 462 2908 νῦν
505 2842 823 2930 ἡμέτερον
870 2845 1078 2928 δόμον
1124 2844 1277 2909 ἵκει·
1320 2852 1413 2930 τῷ
1459 2868 1541 2928 με
1585 2843 1755 2927 μάλα
1800 2842 1969 2927 χρεὼ

249 2948 459 3014 πάντα
505 2949 661 3015 Θέτι
703 2949 1203 3036 καλλιπλοκάμῳ
1254 2949 1538 3035 ζωάγρια
1582 2951 1805 3012 τίνειν.

250 3054 414 3120 ἀλλά
459 3057 543 3120 σὺ
590 3054 711 3141 μὲν
754 3065 883 3122 νῦν
930 3056 1000 3121 οἱ
1037 3055 1334 3139 παράθες
1381 3054 1629 3137 ξεινήια
1672 3053 1866 3136 καλά,

251 3155 405 3246 ὄφρ’
447 3160 531 3226 ἂν
578 3162 706 3243 ἐγὼ
752 3162 969 3246 φύσας
1013 3159 1414 3243 ἀποθείομαι
1458 3159 1627 3223 ὅπλα
1671 3180 1740 3223 τε
1785 3158 2064 3229 πάνταέξ

333 3263 375 3349 ἦ
422 3263 533 3331 καὶ
578 3261 685 3332 ἀπ’
729 3265 1122 3352 ἀκμοθέτοιο
1168 3265 1385 3350 πέλωρ
1434 3250 1663 3348 αἴητον
1709 3263 1946 3346 ἀνέστη
1969 3326 2034 3365 μή
2075 3308 2118 3361 -3
2153 3279 2272 3328 410·
2379 3294 2416 3309 ··

247 3372 584 3457 χωλεύων·
631 3370 758 3436 ὑπὸ
806 3369 879 3437 δὲ
924 3382 1166 3457 κνῆμαι
1211 3370 1465 3456 ῥώοντο
1512 3369 1754 3456 ἀραιαί.

76 3560 87 3577 l
132 3566 135 3571 Ι
250 3479 468 3563 φύσας
511 3475 632 3562 μέν
681 3473 742 3557 ῤ’
788 3476 1123 3542 ἀπάνευθε
1167 3478 1343 3540 τίθει
1388 3477 1624 3557 πυρός,
1674 3473 1842 3537 ὅπλα
1885 3495 1955 3535 τε
2000 3471 2213 3534 πάντα
