2525 3884
944 214 1252 284 ἸΛΙΑΔΟΣ
1290 233 1482 286 xxw.
1809 210 1812 215 ’
2083 228 2216 294 243

215 372 298 455 βῆ
347 367 421 436 δὲ
462 365 604 437 κατ’
648 371 1035 456 Οὐλύμποιο
1078 375 1390 459 καρήνων
1428 373 1676 452 ἀίξασα.

170 513 181 519 ·
216 471 350 559 ἷξεν
397 475 458 543 δ’
502 478 570 561 ἐς
611 481 873 563 κλισίην
918 474 1001 544 οὗ
1043 477 1250 556 υἰέος·
1298 477 1443 546 ἔνθ’
1488 481 1615 566 ἄρα
1663 483 1785 546 τόν
1826 503 1904 563 γε

216 579 352 670 εὗρ’
398 583 595 650 ἁδινὰ
632 585 1055 669 στενάχοντα’
1102 588 1290 669 φίλοι
1335 582 1396 650 δ’
1440 582 1603 670 ἀμφ’
1647 586 1852 651 αὐτὸν
1898 583 2143 669 ἑταῖροι

215 688 589 776 ἐσσυμένως
635 689 945 756 ἐπένοντο
989 688 1101 755 καὶ
1147 687 1483 757 ἐντύνοντ’
1527 692 1824 777 ἄριστον·

217 808 386 864 τοῖσι
434 793 493 862 δ’
537 797 637 873 ὄις
682 796 910 874 λάσιος
954 795 1156 883 μέγας
1201 797 1275 863 έν
1320 800 1536 883 κλισίῃ
1585 796 1857 883 ἱέρευτο.
2122 812 2220 862 125

214 905 255 988 ἡ
304 901 378 969 δὲ
422 897 573 987 μάλ’
615 898 760 986 ἄγχ’
803 901 1031 967 αὐτοῖο
1075 901 1386 981 καθέζετο
1431 905 1669 968 πότνια
1712 906 1955 989 μήτηρ,

215 1012 391 1095 χειρί
427 1006 503 1074 τέ
542 1030 660 1092 μιν
702 1006 1073 1094 κατέρεξεν,
1119 1011 1275 1085 ἔπος
1316 1004 1374 1072 τ’
1419 1005 1605 1093 ἔφατ’
1650 1011 1721 1075 ἐκ
1773 1006 1831 1095 τ’
1876 1009 2220 1094 ὀνόμαζεν

216 1115 493 1199 ,,τέκνον
540 1113 730 1201 ἐμόν,
775 1112 885 1179 τέο
931 1111 1155 1200 μέχρις
1199 1114 1608 1200 ὀδυρόμενος
1651 1113 1761 1181 καὶ
1806 1115 2063 1200 ἀχεύων

216 1221 344 1305 σὴν
390 1221 568 1286 ἔδεαι
610 1221 922 1305 κραδίην,
969 1219 1379 1304 μεμνημένος
1423 1221 1577 1286 οὔτε
1619 1243 1683 1285 τι
1729 1224 1919 1287 σίτου

217 1324 357 1392 οὔτ’
401 1326 623 1410 εὐνῆς;
670 1325 932 1410 ἀγαθὸν
978 1322 1052 1391 δὲ
1096 1329 1371 1408 γυναικί
1408 1346 1530 1411 περ
1576 1325 1650 1391 ἐν
1698 1329 2001 1411 φιλότητι
2123 1340 2220 1392 130

216 1429 552 1519 μίσγεσθ’·
601 1431 683 1497 οὐ
726 1430 854 1517 γάρ
900 1455 1014 1516 μοι
1060 1432 1269 1519 δηρὸν
1313 1430 1462 1517 βέῃ,
1511 1431 1676 1497 ἀλλά
1719 1456 1823 1498 τοι
1865 1435 1995 1517 ἤδη

217 1540 371 1624 ἄγχι
413 1535 816 1622 παρέστηκεν
859 1538 1153 1616 θάνατος
1196 1534 1308 1601 καὶ
1350 1547 1549 1622 μοῖρα
1592 1541 1886 1623 κραταιή.

219 1640 361 1711 ἀλλ’
407 1642 644 1728 ἐμέθεν
690 1641 882 1721 ξύνες
925 1638 1091 1726 ὦκα,
1136 1644 1305 1720 Διὸς
1350 1640 1430 1708 δέ
1468 1665 1572 1709 τοι
1618 1643 1894 1726 ἄγγελός
1940 1646 2089 1730 εἰμι.

221 1751 576 1830 σκύζεσθαι
620 1750 736 1815 σοί
775 1763 942 1831 φησι
986 1749 1220 1832 θεούς,
1269 1744 1333 1815 ἑὲ
1379 1742 1441 1813 δ’
1481 1747 1673 1833 ἔξοχα
1716 1748 1986 1815 πάντων

221 1856 576 1922 ἀθανάτων
616 1858 1059 1939 κεχολῶσθαι,
1108 1854 1209 1920 ὅτι
1253 1851 1451 1938 φρεσὶ
1495 1853 1973 1941 μαινομένῃσιν
2124 1869 2219 1924 135

218 1958 476 2047 Ἕκτορ’
521 1964 687 2045 ἔχεις
728 1962 906 2046 παρὰ
949 1957 1149 2043 νηυσὶ
1192 1963 1552 2043 κορωνίσιν
1598 1954 1744 2026 οὐδ’
1791 1960 2137 2038 ἀπέλυσας.

221 2062 364 2134 ἀλλ’
406 2069 523 2152 ἄγε
567 2068 650 2150 δὴ
695 2072 931 2149 λῦσον,
979 2076 1243 2151 νεκροῖο
1291 2064 1363 2131 δὲ
1411 2064 1592 2145 δέξαι
1636 2067 1943 2132 ἄποινα.“

307 2174 431 2256 τὴν
459 2168 521 2239 δ’
545 2173 1064 2258 ἀπαμειβόμενος
1089 2171 1390 2258 προσέφη
1420 2174 1627 2249 πόδας
1656 2171 1828 2251 ὠκὺς
1864 2170 2194 2259 Ἀχιλλεύς

220 2277 409 2367 ,,τῇδ’
452 2285 581 2363 εἴη·
628 2279 701 2356 ὃς
745 2281 988 2345 ἄποινα
1034 2278 1258 2364 φέροι,
1304 2276 1416 2343 καὶ
1458 2280 1700 2361 νεκρὸν
1745 2280 2003 2364 ἄγοιτο,

223 2388 285 2453 εἰ
306 2387 408 2475 ,δὴ
453 2388 787 2471 πρόφρονι
829 2390 1027 2474 θυμῷ
1067 2381 1415 2469 Ὀλύμπιος
1460 2384 1656 2462 αὐτὸς
1699 2384 2005 2469 ἀνώγει.“
2125 2402 2225 2453 140

311 2486 398 2569 ὥς
442 2491 514 2556 οἵ
549 2486 613 2573 γ’
656 2489 731 2556 ἐν
774 2501 955 2574 νηῶν
1001 2489 1231 2574 ἀγύρει
1276 2492 1487 2575 μήτηρ
1531 2512 1601 2556 τε
1645 2487 1756 2556 καὶ
1798 2491 1944 2567 υίὸς

221 2598 430 2663 πολλὰ
472 2596 638 2681 πρὸς
682 2593 1005 2680 ἀλλήλους
1050 2598 1204 2661 ἔπεα
1248 2592 1583 2682 πτερόεντ’
1626 2595 1968 2682 ἀγόρευον.

224 2693 388 2786 Ἰριν
433 2698 495 2767 δ’
541 2702 794 2789 ὤτρυνε
838 2702 1178 2786 Κρονίδης
1224 2703 1317 2778 εἰς
1342 2700 1554 2768 Ἴλιον
1602 2703 1780 2786 ἱρήν·

179 2875 184 2879 ,
220 2800 454 2890 ,,βάσκ’
505 2811 638 2889 ἴθι,
691 2796 813 2890 Ἰρι
855 2814 1106 2890 ταχεῖα·
1151 2803 1411 2872 λιποῦσ’
1456 2806 1607 2884 ἕδος
1656 2807 2040 2891 Οὐλύμποιο

221 2914 528 2995 ἄγγειλον
574 2911 856 3000 Πριάμῳ
902 2917 1298 2997 μεγαλήτορι
1338 2911 1551 2978 Ἴλιον
1597 2918 1751 2978 εἴσω
2126 2933 2226 2983 145

221 3019 553 3084 λύσασθαι
598 3021 801 3102 φίλον
844 3018 999 3084 υἱὸν
1045 3014 1209 3083 ἰόντ’
1253 3017 1359 3084 ἐπὶ
1406 3027 1569 3103 νῆας
1618 3016 1926 3104 Ἀχαιῶν,

222 3124 405 3208 δῶρα
450 3120 512 3188 δ’
570 3118 856 3209 ’Λχιλλῆι
901 3122 1214 3209 φερέμεν,
1260 3124 1342 3189 τά
1386 3147 1461 3190 κε
1503 3124 1729 3208 θυμὸν
1777 3128 1961 3212 ἰήνῃ,

222 3224 400 3313 οἷον,
445 3228 617 3314 μηδέ
655 3252 755 3307 τις
797 3231 995 3307 ἄλλος
1038 3229 1170 3314 ἅμα
1221 3229 1470 3313 Τρώων
1517 3235 1633 3294 ἴτω
1678 3229 1866 3317 ἀνήρ.

219 3332 423 3421 κῆρύξ
466 3337 566 3412 τίς
610 3335 681 3400 οἱ
719 3334 940 3401 ἕποιτο
977 3337 1381 3421 γεραίτερος,
1429 3335 1503 3413 ὅς
1544 3331 1608 3400 κ’
1650 3338 1881 3403 ίθύνοι

217 3439 538 3526 ἡμιόνους
580 3437 689 3505 καὶ
733 3438 988 3525 ἄμαξαν
1033 3440 1384 3526 ἐύτροχον,
1429 3437 1549 3524 ἠδὲ
1591 3440 1702 3506 καὶ
1748 3437 1935 3519 αὖτις
2128 3457 2228 3505 150

218 3547 459 3634 νεκρὸν
505 3547 656 3631 ἄγοι
698 3543 893 3631 προτὶ
937 3548 1133 3630 ἄστυ,
1178 3547 1297 3611 τὸν
1343 3548 1569 3611 ἔκτανε
1617 3547 1757 3620 δῖος
1810 3544 2153 3627 Ἀχιλλεύς,

1807 3645 1915 3698 16*
