2525 3884
230 188 312 252 12
1038 187 1341 239 ΙΑῙΑΔοΣ
1375 188 1441 239 Ν.

226 332 315 409 ὡς
361 327 422 396 δ’
476 329 586 397 ὅθ’
639 330 767 396 ὑπὸ
815 330 1054 414 λιγέων
1099 328 1362 413 ἀνέμων
1406 326 1777 413 σπέρχωσιν
1821 328 2047 392 ἄελλαι

225 439 423 522 ἤματι
465 445 580 525 τῷ,
628 436 736 501 ὅτε
780 458 850 501 τε
893 438 1163 518 πλείστη
1210 436 1395 511 κόνις
1440 430 1609 518 ἀμφὶ
1653 433 2037 516 κελεύθους,
2129 448 2233 498 335

227 543 299 609 οἵ
335 539 392 607 τ’
445 544 683 627 ἄμυδις
731 545 963 626 κονίης
1005 541 1298 626 μεγάλην
1344 541 1601 607 ἱστᾶσιν
1646 538 1944 624 ὀμίχλην,

226 643 316 725 ὧς
359 651 486 733 ἄρα
528 659 663 714 τῶν
708 647 896 734 ὁμόσ’
948 643 1118 731 ἦλθε
1171 648 1373 733 μάχη,
1431 645 1733 732 μέμασαν
1779 641 1839 711 δ’
1891 644 1993 711 ἐνὶ
2036 651 2234 732 θυμῷ

226 755 552 839 ἀλλήλους
592 749 755 821 καθ’
807 752 1041 839 ὅμιλον
1087 751 1432 839 ἐναιρέμεν
1477 751 1612 831 ὀξέι
1655 758 1891 841 χαλκῷ.

227 860 493 947 ἔφριξεν
540 858 614 927 δὲ
660 861 854 955 μάχη
879 863 1366 945 φθισίμβροτος
1410 858 1740 944 ἐγχείῃσιν

226 975 498 1053 μακρῇς,
544 966 621 1045 ἃς
667 962 847 1051 εἶχον
890 969 1348 1051 ταμεσίχροας·
1394 966 1553 1031 ὄσσε
1599 958 1661 1028 δ’
1711 965 1996 1051 ἄμερδεν
2131 980 2235 1030 340

227 1073 398 1157 αὐγὴ
442 1076 709 1159 χαλκείη
753 1073 1071 1157 κορύθων
1115 1073 1244 1137 ἄπο
1290 1070 1772 1155 λαμπομενάων

225 1181 559 1264 θωρήκων
602 1202 672 1244 τε
717 1180 1143 1262 νεοσμήκτων
1188 1175 1446 1243 σακέων
1489 1200 1559 1242 τε
1605 1187 1901 1261 φαεινῶν

228 1284 602 1371 ἐρχομένων
647 1285 902 1369 ἄμυδις.
975 1285 1150 1369 μάλα
1193 1307 1310 1350 κεν
1353 1283 1850 1369 θρασυκάρδιος
1895 1288 2016 1367 εἴη,

228 1391 302 1468 ὃς
345 1393 492 1456 τότε
536 1392 897 1475 γηθήσειεν
945 1392 1109 1456 ἰδὼν
1152 1392 1366 1455 πόνον
1412 1386 1560 1455 οὐδ’
1611 1389 1937 1474 ἀκάχοιτο.

319 1497 436 1580 [τὼ
476 1493 537 1562 δ’
573 1495 778 1581 ἀμφὶς
806 1495 1170 1582 φρονέοντε
1207 1497 1349 1561 δύω
1377 1498 1648 1581 Κρόνου
1676 1487 1780 1560 υἷε
1807 1496 2097 1582 κραταιὼ
2133 1513 2238 1562 345

228 1603 558 1688 ἀνδράσιν
602 1602 933 1687 ἡρώεσσιν
978 1602 1318 1687 ἐτεύχετον
1362 1602 1563 1684 ἄλγεα
1606 1602 1835 1687 λυγρά.

230 1711 397 1785 Ζεὺς
440 1704 562 1793 μὲν
606 1709 733 1792 ἄρα
787 1708 1083 1792 Τρώεσσι
1125 1704 1236 1772 καὶ
1264 1704 1529 1792 1Ἕκτορι
1575 1707 1852 1790 βούλετο
1897 1712 2114 1793 νίκην,

226 1816 566 1881 κυδαίνων
603 1809 867 1896 Ἀχιλῆα
910 1814 1120 1889 πόδας
1162 1812 1396 1897 ταχύν·
1444 1806 1593 1878 οὐδ’
1643 1813 1679 1879 ὅ
1723 1836 1801 1897 γε
1845 1814 2116 1899 πάμπαν

225 1923 428 2004 ἤθελε
473 1921 637 1986 λαὸν
682 1917 961 1986 ὀλέσθαι
999 1913 1329 2004 Ἀχαιικὸν
1366 1912 1603 1985 Ἰλιόθι
1645 1923 1798 2006 πρό,

227 2028 393 2093 ἀλλὰ
438 2025 632 2093 Θέτιν
675 2027 949 2091 κύδαινε
992 2024 1103 2090 καὶ
1145 2023 1296 2091 υἱέα
1339 2028 1860 2112 καρτερόθυμον.
2136 2043 2239 2095 350

222 2130 556 2218 Ἀργείους
601 2128 676 2198 δὲ
720 2132 1116 2198 Ποσειδάων
1161 2128 1457 2216 ὀρόθυνε
1501 2133 1860 2217 μετελθών,

227 2239 447 2325 λάθρῃ
491 2236 907 2316 ὑπεξαναδὺς
949 2243 1181 2321 πολιῆς
1225 2235 1411 2314 ἁλός·
1455 2239 1699 2322 ἤχθετο
1745 2239 1872 2324 γάρ
1918 2239 2001 2324 ῥα

189 2428 195 2435 .
235 2342 499 2431 Τρωσὶν
546 2343 1028 2428 δαμναμένους,
1076 2340 1195 2409 Διὶ
1242 2340 1318 2409 δὲ
1361 2355 1693 2430 κρατερῶς
1738 2344 2069 2429 ἐνεμέσσα.

227 2447 269 2535 ἦ
317 2453 447 2536 μὰν
493 2447 967 2535 ἀμφοτέροισιν
1012 2450 1180 2536 ὁμὸν
1223 2448 1419 2534 γένος
1463 2444 1576 2534 ἠδ’
1627 2456 1695 2516 ἴα
1739 2451 1975 2537 πάτρη,

230 2556 396 2623 ἀλλὰ
450 2558 617 2634 Ζεὺς
661 2558 981 2642 πρότερος
1023 2557 1284 2639 γεγόνει
1326 2554 1438 2621 καὶ
1481 2559 1755 2622 πλείονα
1798 2555 1947 2643 ᾔδη.
2134 2574 2237 2624 355

228 2670 319 2752 τῷ
366 2660 452 2759 ῥα
493 2659 605 2726 καὶ
648 2661 990 2746 ἀμφαδίην
1035 2657 1158 2744 μὲν
1202 2659 1580 2745 ἀλεξέμεναι
1624 2660 1939 2747 ἀλέεινεν,

230 2769 450 2852 λάθρῃ
499 2763 560 2832 δ’
613 2763 758 2832 αἰὲν
803 2769 1014 2852 ἔγειρε
1057 2767 1223 2831 κατὰ
1268 2770 1572 2854 στρατόν,
1618 2767 1815 2850 ἀνδρὶ
1861 2768 2106 2847 ἐοικώς.

230 2872 335 2940 τοὶ
380 2869 441 2939 δ’
494 2874 714 2959 ἔριδος
756 2882 1071 2958 κρατερῆς
1116 2871 1228 2938 καὶ
1274 2871 1537 2959 ὁμοιίου
1579 2871 1895 2958 πολέμοιο

230 2991 466 3066 πεῖραρ
514 2978 985 3057 ἐπαλλάξαντες
1029 2973 1131 3044 ἐπ’
1181 2977 1616 3066 ἀμφοτέροισι
1660 2980 2017 3065 τάνυσσαν,

232 3087 563 3173 ἄρρηκτόν
597 3082 656 3149 τ’
690 3086 935 3151 ἄλυτόν
969 3107 1063 3169 τε,
1106 3086 1182 3152 τὸ
1218 3090 1485 3151 πολλῶν
1521 3080 1794 3169 γούνατ’
1828 3089 2107 3169 ἔλυσεν.]
2138 3103 2242 3153 350

317 3190 518 3276 ἔνθα,
563 3193 987 3277 μεσαιπόλιός
1029 3213 1152 3278 περ
1200 3192 1351 3276 ἐών,
1397 3196 1730 3259 Δαναοῖσι
1774 3194 2087 3270 κελεύσας

225 3295 597 3384 Ἰδομενεὺς
648 3298 943 3383 Τρώεσσι
988 3298 1387 3383 μετάλμενος
1432 3297 1507 3363 ἐν
1551 3299 1770 3384 φόβον
1815 3293 2047 3384 ὦρσεν.

231 3404 444 3492 πέφνε
487 3406 615 3490 γὰρ
654 3400 1030 3489 Ὀθρυονῆα
1073 3406 1479 3489 Καβησόθεν
1524 3405 1724 3469 ἔνδον
1769 3404 1993 3487 ἐόντα,

234 3513 308 3589 ὃς
351 3510 437 3597 ῥα
480 3509 639 3576 νέον
682 3508 997 3595 πολέμοιο
1043 3512 1203 3595 μετὰ
1246 3507 1435 3586 κλέος
1480 3510 1932 3593 εἰληλούθειν.
