2525 3884
231 167 360 233 258
1018 168 1321 220 ΙΛΙΑΔΟΣ
1356 169 1424 220 ιι

227 315 346 377 καί
376 310 411 377 ἑ
442 314 909 396 κατακτείνειε,
953 312 1121 388 Διὸς
1157 307 1218 375 δ’
1264 309 1561 394 ἀλίτηται
1607 310 1903 396 ἐφετμάς.

228 427 348 483 τὸν
394 415 458 484 δ’
499 416 639 484 ἐπεὶ
685 412 809 484 οὖν
855 415 1069 502 δμωαὶ
1113 422 1367 482 λοῦσαν
1411 413 1523 481 καὶ
1566 427 1806 502 χρῖσαν
1850 417 2078 505 ἐλαίῳ,

229 521 399 608 ἀμφὶ
446 521 525 590 δέ
563 548 678 610 μιν
724 531 937 611 φᾶρος
979 523 1186 589 καλὸν
1231 522 1440 607 βάλον
1483 519 1605 606 ἡδὲ
1645 533 1921 608 χιτῶνα,

230 628 428 708 αὐτὸς
469 633 588 696 τόν
632 624 698 714 γ’
741 624 1028 714 Ἀχιλεὺς
1072 627 1317 715 λεχέων
1363 628 1690 713 ἐπέθηκεν
1734 629 1979 716 ἀείρας,

230 735 358 801 σὺν
403 733 466 801 δ’
509 735 731 824 ἕταροι
773 737 1004 820 ἤειραν
1050 733 1361 818 έυξέστην
1407 730 1509 800 ἐπ’
1553 734 1832 820 ἀπήνην.
2134 750 2239 799 590

230 839 500 928 ᾤμωξέν
542 839 602 908 τ’
645 839 750 928 ἄρ’
795 845 1045 925 ἔπειτα,
1091 843 1294 926 φίλον
1340 837 1404 906 δ’
1449 840 1778 926 ὀνόμηνεν
1825 839 2113 928 ἑταῖρον·

230 949 364 1031 ,,μή
408 971 550 1032 μοι,
600 947 972 1034 Πάτροκλε,
1019 944 1533 1031 σκυδμαινέμεν,
1582 953 1660 1012 αἰ
1694 970 1767 1012 κε
1812 947 2071 1030 πύθηαι

230 1054 330 1117 εἰν
357 1050 583 1130 ’Ἁιδός
625 1074 748 1139 περ
794 1053 922 1119 ἐών
932 1101 953 1137 ,
1000 1054 1103 1119 ὅτι
1130 1052 1412 1140 Ἕκτορα
1460 1055 1609 1120 δῖον
1656 1056 1858 1119 ἔλυσα

227 1156 425 1245 πατρὶ
470 1161 674 1245 φίλῳ,
721 1155 860 1224 ἐπεὶ
906 1158 988 1223 οὔ
1031 1181 1146 1243 μοι
1191 1155 1409 1223 ἀεικέα
1456 1158 1668 1222 δῶκεν
1712 1158 1970 1223 ἄποινα.

231 1262 339 1330 σοὶ
367 1263 428 1330 δ’
455 1259 541 1330 αὖ
560 1263 688 1347 ἐγὼ
705 1261 817 1329 καὶ
833 1261 1031 1330 τῶνδ’
1059 1264 1552 1349 ἀποδάσσομαι,
1582 1260 1725 1329 ὄσσ’
1747 1262 2105 1330 έπέοικεν.“
2133 1279 2238 1330 595

316 1367 358 1455 ἦ
405 1370 489 1457 ῥα
532 1369 643 1437 καὶ
689 1370 757 1448 ἐς
797 1372 1061 1454 κλισίην
1104 1370 1305 1435 πάλιν
1349 1371 1454 1453 ἤιε
1501 1370 1647 1447 δῖος
1684 1365 2040 1455 Ἀχιλλεύς,

230 1476 402 1556 ἕζετο
450 1475 511 1543 δ’
555 1478 629 1543 ἐν
674 1481 924 1564 κλισμῷ
970 1470 1469 1564 πολυδαιδάλῳ,
1517 1478 1721 1541 ἔνθεν
1767 1474 2036 1559 ἀνέστη,

228 1586 456 1669 τοίχου
501 1592 621 1649 τοῦ
669 1581 928 1670 ἑτέρου,
972 1580 1123 1648 ποτὶ
1169 1578 1242 1651 δὲ
1289 1584 1601 1668 Πρίαμον
1647 1583 1819 1666 φάτο
1864 1587 2116 1667 μῦθον·

228 1690 419 1773 »υίὸς
463 1686 583 1774 μὲν
630 1690 714 1774 δή
757 1711 861 1754 τοι
907 1686 1199 1772 λέλυται,
1245 1687 1479 1775 γέρον,
1527 1688 1617 1765 ὡς
1661 1687 1980 1771 ἐκέλευες,

227 1806 435 1861 κεῖται
479 1788 541 1860 δ’
585 1794 657 1861 ἐν
704 1791 1021 1880 λεχέεσσ’·
1066 1795 1199 1879 ἅμα
1245 1789 1308 1859 δ’
1343 1793 1465 1876 ’ἠοῖ
1503 1791 1999 1879 φαινομένηφιν
2135 1809 2237 1860 600

230 1903 423 1980 ὄψεαι
469 1902 664 1979 αὐτὸς
708 1902 916 1986 ἄγων·
960 1908 1089 1966 νῦν
1136 1896 1209 1966 δὲ
1254 1900 1664 1984 μνησώμεθα
1709 1900 1981 1985 δόρπου.

228 2005 338 2073 καὶ
381 1992 511 2095 γάρ
553 2005 611 2072 τ’
654 2007 944 2092 ἠύκομος
987 2009 1208 2090 Νιόβη
1256 2006 1585 2090 ἐμνήσατο
1631 2009 1850 2089 σίτου,

227 2122 307 2200 τῇ
351 2134 473 2201 περ
521 2114 777 2179 δώδεκα
820 2114 1052 2190 παῖδες
1095 2109 1197 2178 ἐνὶ
1241 2112 1630 2197 μεγάροισιν
1676 2112 1945 2195 ὄλοντο,

229 2219 296 2298 ἓξ
342 2217 464 2306 μὲν
508 2217 899 2306 θυγατέρες,
947 2218 1015 2298 ἓξ
1062 2216 1122 2283 δ’
1166 2216 1342 2295 υἰέες
1384 2217 1729 2302 ἡβώοντες.

229 2327 385 2403 τοὺς
428 2323 550 2411 μὲν
588 2323 923 2391 Ἀπόλλων
948 2322 1220 2409 -πέφνεν
1268 2320 1377 2388 ἀπ’
1432 2321 1784 2409 ἀργυρέοιο
1832 2325 2005 2405 βιοῖο
2129 2334 2234 2385 605

231 2433 562 2519 χωόμενος
605 2433 855 2516 Νιόβῃ,
901 2431 1016 2507 τὰς
1061 2424 1123 2495 δ’
1165 2428 1471 2514 ’Ἄρτεμις
1516 2427 1841 2514 ἰοχέαιρα,

183 2570 202 2584 -
232 2532 448 2603 οὕνεκ’
490 2538 619 2624 ἄρα
662 2540 879 2621 Λητοῖ
919 2536 1218 2601 ἰσάσκετο
1264 2530 1716 2621 καλλιπαρῄῳ·

231 2653 324 2728 φῆ
372 2645 534 2709 δοιὼ
578 2641 852 2724 τεκέειν,
887 2641 930 2725 ἡ
970 2639 1031 2707 δ’
1076 2640 1239 2725 αὐτὴ
1285 2643 1549 2725 γείνατο
1594 2639 1907 2716 πολλούς·

229 2749 321 2814 τὼ
368 2746 429 2815 δ’
473 2751 630 2834 ἄρα,
669 2746 798 2814 “καὶ
846 2748 1005 2813 δοιώ
1050 2769 1172 2832 περ
1219 2744 1420 2829 ἐόντ’,
1474 2746 1601 2812 ἀπὸ
1645 2745 1894 2822 πάντας
1938 2745 2239 2810 ὄλεσσαν.

231 2855 303 2922 οἰ
340 2852 462 2941 μὲν
507 2852 610 2941 ἄρ’
655 2854 944 2941 ἐννῆμαρ
989 2847 1162 2920 κέατ’
1197 2853 1273 2919 ἐν
1318 2855 1538 2941 φόνῳ,
1585 2850 1750 2918 οὐδέ
1789 2872 1890 2928 τις
1933 2845 2053 2934 ἦεν
2133 2865 2240 2915 610

229 2962 596 3043 κατθάψαι,
642 2963 845 3038 λαοὺς
890 2956 965 3026 δὲ
1009 2962 1248 3037 λίθους
1291 2962 1527 3043 ποίησε
1571 2960 1911 3044 Κρονίων·

230 3070 385 3144 τοὺς
429 3065 491 3133 δ’
535 3069 663 3153 ἄρα
707 3075 786 3153 τῇ
834 3066 1068 3152 δεκάτῃ
1113 3065 1346 3144 θάψαν
1390 3063 1541 3131 θεοὶ
1590 3063 2029 3150 Οὐρανίωνες.

230 3174 271 3258 ἡ
318 3171 379 3239 δ’
425 3175 552 3260 ἄρα
598 3175 785 3239 σίτου
831 3169 1136 3258 μνήσατ’,
1183 3169 1322 3238 ἐπεὶ
1365 3171 1529 3256 κάμε
1576 3171 1786 3255 δάκρυ
1831 3167 2092 3255 χέουσα.

234 3281 388 3361 [νῦν
436 3277 514 3345 δέ
553 3300 684 3346 που
729 3278 803 3344 έν
847 3276 1192 3364 πέτρῃσιν,
1239 3277 1314 3342 ἐν
1360 3277 1629 3364 οὔρεσιν
1674 3277 2113 3357 οἰοπόλοισιν,

231 3384 305 3451 ἐν
351 3385 657 3473 Σιπύλῳ,
704 3384 821 3449 ὅθι
866 3381 1033 3467 φασὶ
1075 3381 1302 3447 θεάων
1348 3383 1621 3466 ἔμμεναι
1664 3380 1861 3459 εὐνὰς
2134 3391 2237 3444 615

226 3492 588 3583 νυμφάων,
635 3488 710 3555 αἵ
746 3485 804 3553 τ’
849 3482 1012 3574 ἀμφ’
1058 3483 1406 3573 Ἀχελώιον
1453 3485 1859 3572 ἐρρώσαντο,
