2525 3884
48 574 57 609 h

92 319 127 329 -ο

1034 188 1334 241 muoz
1370 191 1513 243 xv1.
2154 189 2233 253 77

107 352 141 407 χ
164 338 181 346 ’
242 326 579 408 χλαινάων
618 323 677 392 τ’
719 328 1215 419 ἀνεμοσκεπέων
1262 331 1483 396 οὔλων
1525 355 1597 397 τε
1639 333 1960 414 ταπήτων.

148 506 169 525 4
264 431 428 496 ἔνθα
461 431 537 498 δέ
573 435 643 499 οἰ
681 434 883 512 δέπας
917 437 1065 502 ἔσκε
1099 436 1530 521 τετυγμένον,
1567 436 1732 502 οὐδέ
1769 459 1869 514 τις
1904 438 2103 515 ἄλλος
2136 453 2238 502 225

172 591 177 597 .
262 533 398 601 οὔτ’
435 538 692 626 ἀνδρῶν
735 543 1042 606 πίνεσκεν
1085 539 1197 606 ἀπ’
1240 542 1449 608 αὐτοῦ
1493 547 1744 607 αἴθοπα
1788 536 2007 624 οἶνον,

259 642 340 707 οὔ
348 618 439 707 τέ
454 664 574 708 τεω
606 645 963 712 σπένδεσκε
1004 651 1219 730 θεῶν,
1264 647 1373 713 ὅτε
1417 648 1506 732 μὴ
1553 645 1673 713 Διὶ
1716 650 1929 731 πατρί.

116 763 167 848 j·
256 750 331 812 τό
374 748 454 833 ῥα
492 746 624 817 τότ’
669 752 741 818 ἐκ
782 757 1012 838 χηλοῖο
1058 754 1283 837 λαβὼν
1326 752 1612 840 ἐκάθηρε
1653 755 1854 841 θεείφ

251 865 534 941 πρῶτον,
581 859 800 924 ἔπειτα
845 855 906 923 δ’
952 855 1128 937 ἔνιψ’
1169 858 1411 936 ὕδατος
1453 864 1691 945 καλῇσι
1736 859 2001 945 ῥοῇσιν,

250 963 484 1039 νίψατο
521 957 584 1028 δ’
617 963 813 1040 αὐτὸς
846 973 1097 1048 χεῖρας,
1133 963 1477 1048 ἀφύσσατο
1516 962 1578 1030 δ’
1612 970 1865 1031 αἴθοπα
1904 958 2108 1029 οἶνον.
2135 979 2238 1030 280

251 1062 451 1150 εὔχετ’
491 1071 710 1135 ἔπειτα
756 1071 912 1146 στὰς
955 1068 1151 1157 μέσῳ,
1175 1067 1379 1155 ἕρκεϊ,
1425 1072 1600 1153 λεῖβε
1647 1066 1721 1134 δὲ
1764 1063 1954 1136 οἶνον

246 1171 533 1257 οὐρανὸν
576 1174 958 1240 εἰσανιδών·
1000 1177 1139 1240 Δία
1185 1172 1247 1240 δ’
1291 1174 1374 1240 οὗ
1418 1175 1586 1240 λάθε
1626 1173 2167 1259 τερπικέραυνον·

243 1281 422 1360 ,,Ζεῦ
465 1279 595 1345 ἄνα
638 1281 1005 1346 Δωδωναῖε
1049 1278 1449 1365 Πελασγικέ,
1493 1283 1734 1363 τηλόθι
1774 1282 2014 1362 ναίων,

239 1385 583 1469 Δωδώνης
626 1371 880 1470 μεδέων
926 1384 1392 1471 δυσχειμέρου,
1439 1382 1608 1470 ἀμφὶ
1656 1381 1731 1450 δὲ
1772 1382 2016 1451 Σελλοὶ

239 1487 348 1555 σοὶ
390 1487 653 1558 ναίουσ’
695 1491 1028 1576 ὑποφῆται
1073 1491 1509 1568 ἀνιπτόποδες
1550 1499 1970 1576 χαμαιεῦναι.-
2133 1506 2236 1558 285

238 1590 416 1679 ἠμὲνΔ
451 1598 534 1679 δή
579 1591 723 1663 ποτ’
766 1597 929 1682 ἐμὸν
970 1599 1123 1674 ἔπος
1167 1599 1392 1674 ἔκλυες
1437 1595 1850 1682 εὐξαμένοιο,

235 1705 515 1786 τίμησας
559 1699 680 1788 μὲν
725 1701 864 1788 ἐμέ,
910 1703 1076 1789 μέγα
1123 1696 1187 1769 δ’
1227 1694 1386 1780 ἴψαο
1431 1704 1596 1768 λαὸν
1633 1700 1935 1788 Ἀχαιῶν·

236 1800 344 1889 ἠδ’
388 1810 484 1872 ἔτι
525 1806 635 1873 καὶ
678 1818 807 1875 νῦν
850 1831 963 1894 μοι
1005 1805 1145 1875 τόδ’
1190 1808 1589 1896 ἐπικρήηνον
1634 1808 1895 1894 ἐέλδωρ.

62 1994 71 2001 ,
144 2000 166 2013 ..
236 1911 438 1989 αὐτὸς
481 1911 603 1997 μὲν
643 1915 769 1999 γὰρ
816 1913 943 1997 ἐγὼ
988 1912 1196 1998 μενέω
1240 1924 1427 1998 νηῶν
1471 1915 1545 1981 ἐν
1592 1915 1830 1999 ἀγῶνι,

100 2049 109 2055 ·
157 2013 161 2016 ’
236 2015 381 2084 ἀλλ’
425 2017 660 2105 ἕταρον
703 2016 930 2104 πέμπω
975 2018 1247 2086 πολέσιν
1293 2021 1453 2105 μετὰ
1494 2019 2043 2105 Μυρμιδόνεσσιν
2132 2033 2235 2084 240

240 2123 650 2208 μάρνασθαι·
693 2133 784 2213 τῷ
828 2127 1034 2203 κῦδος
1076 2126 1209 2210 ἅμα
1253 2128 1479 2211 πρόες,
1525 2123 1818 2210 εὐρύοπα
1865 2128 2026 2206 Ζεῦ,

236 2230 587 2316 θάρσυνον
626 2228 706 2297 δέ
743 2230 816 2296 οἰ
852 2226 1011 2316 ἦτορ
1058 2228 1162 2296 ἐνὶ
1204 2233 1473 2316 φρεσίν,
1520 2231 1699 2315 ὄφρα
1733 2227 1844 2294 καὶ
1873 2227 2124 2316 Ἕκτωρ

240 2343 511 2419 εἴσεται,
553 2335 597 2419 ἤ
642 2333 727 2421 ῥα
767 2332 878 2400 καὶ
924 2330 1064 2412 οἶος
1108 2335 1445 2420 ἐπίστηται
1487 2337 1859 2420 πολεμίζειν

243 2438 548 2527 ἡμέτερος
589 2441 933 2526 θεράπων,
977 2435 1021 2525 ἦ
1068 2441 1140 2507 οἱ
1176 2443 1325 2506 τότε
1367 2450 1578 2528 χεῖρες
1622 2441 1856 2513 ἄαπτοι

245 2545 576 2633 μαίνονθ’,
621 2543 847 2628 ὁππότ’
891 2546 1018 2630 ἐγώ
1062 2568 1187 2633 περ
1230 2552 1312 2614 ἴω
1356 2548 1516 2632 μετὰ
1560 2553 1784 2633 μῶλον
1810 2546 2069 2633 Ἄρηος.
2129 2563 2233 2613 245

48 2620 53 2707 f
168 2701 173 2707 -
245 2654 447 2737 αὐτὰρ
490 2652 638 2719 έπεί
675 2646 735 2718 κ’
776 2653 903 2718 ἀπὸ
947 2661 1159 2737 ναῦφι
1202 2654 1419 2739 μάχην
1464 2654 1711 2737 ἐνοπήν
1754 2675 1825 2718 τε
1871 2654 2120 2737 δίηται,
2235 2687 2243 2697 ·

243 2761 536 2851 ἀσκηθής
578 2781 690 2843 μοι
734 2761 952 2824 ἔπειτα
993 2760 1165 2836 θοὰς
1209 2757 1317 2825 ἐπὶ
1358 2769 1522 2844 νῆας
1565 2760 1773 2826 ἵκοιτο

114 2947 119 2951 q
242 2867 500 2950 τεύχεσί
533 2886 604 2930 τε
647 2863 768 2943 ξὺν
811 2872 970 2930 πᾶσι
1011 2861 1123 2929 καὶ
1164 2864 1557 2951 ἀγχεμάχοις
1598 2864 1991 2951 ἕτάροισιν.“

331 2966 414 3048 ὧς
457 2966 645 3056 ἔφατ’
686 2970 1067 3056 εὐχόμενος,
1111 2978 1235 3037 τοῦ
1281 2969 1342 3035 δ’
1387 2974 1579 3038 ἔκλυε
1621 2973 1888 3056 μητίετα
1934 2971 2116 3048 Ζεύς.

244 3083 333 3165 τῷ
375 3070 436 3142 δ’
477 3075 704 3162 ἕτερον
748 3072 870 3162 μὲν
925 3077 1128 3142 ἔδωκε
1180 3080 1422 3162 πατήρ,
1478 3076 1705 3162 ἕτερον
1743 3072 1805 3142 δ’
1856 3074 2232 3144 ἀνένευσεν·

245 3191 419 3264 νηῶν
461 3179 585 3267 μέν
630 3182 701 3248 οἰ
739 3182 1133 3247 ἀπώσασθαι
1176 3183 1466 3267 πόλεμόν
1508 3206 1579 3248 τε
1623 3183 1840 3267 μάχην
1881 3204 1952 3247 τε
2129 3200 2230 3249 251

175 3371 183 3379 ·
251 3289 435 3370 δῶκε,
481 3289 643 3353 σόον
689 3284 748 3354 δ’
793 3286 1106 3353 ἀνένευσε
1151 3286 1361 3372 μάχης
1404 3285 1895 3366 ἐξαπονέεσθαι.

329 3387 368 3475 ἦ
409 3414 514 3481 τοι
558 3392 594 3458 ὁ
639 3389 761 3476 μὲν
806 3395 1076 3469 σπείσας
1116 3414 1188 3457 τε
1232 3390 1344 3457 καὶ
1388 3390 1739 3476 εὐξάμενος
1787 3390 1907 3457 Διὶ
1949 3390 2145 3475 πατρὶ

254 3495 337 3576 ἂψ
373 3500 632 3581 κλισίην
676 3498 973 3580 εἰσῆλθε,
1020 3495 1219 3572 δέπας
1263 3498 1307 3560 δ
1312 3490 1340 3551 ’.
1371 3492 1648 3577 ἀπέθηκ’
1693 3493 1795 3558 ἐνὶ
1839 3499 2047 3578 χηλῷ,
