2525 3884
240 180 371 247 256
594 118 601 129 -
1031 184 1332 259 ΙΜᾼΔΟΣ
1369 183 1437 236 Ω.

240 325 323 391 οὐ
366 326 496 412 γάρ
540 349 639 403 τις
682 326 913 412 πρῆξις
955 325 1215 392 πέλεται
1264 335 1572 412 κρυεροῖο
1617 329 1824 410 γόοιο.

58 518 67 529 ἱ
118 450 132 456 “
239 428 329 509 ὧς
371 430 498 518 γὰρ
545 432 996 500 ἐπεκλώσαντο
1043 430 1195 498 θεοὶ
1240 432 1520 497 δειλοῖσι
1557 435 1928 516 βροτοῖσιν,
2143 447 2249 497 525

242 539 429 617 ζώειν
475 537 896 624 ἀχνυμένοις·
944 536 1143 604 αὐτοϊ
1179 537 1259 604 δέ
1296 534 1355 602 τ’
1399 537 1671 621 ἀκηδέες
1715 540 1901 605 εἰσίν.

240 641 415 709 δοιοὶ
457 645 584 729 γάρ
630 667 700 710 τε
743 649 939 711 πίθοι
980 647 1397 710 κατακείαται
1444 643 1517 709 έν
1561 645 1730 721 Διὸς
1774 644 1959 709 οὔδει

239 751 507 836 δώρων,
555 742 663 815 οἷα
709 751 977 833 δίδωσι,
1022 760 1275 833 κακῶν,
1322 748 1544 835 ἕτερος
1587 747 1663 816 δὲ
1707 748 1907 817 ἑάων·

238 847 291 943 ᾧ
339 853 460 939 μέν
503 851 564 920 κ’
607 854 886 940 ἀμμίξας
931 855 1071 941 δώῃ
1119 859 1287 932 Ζεὺς
1329 854 1866 942 τερπικέραυνος,

237 962 469 1026 ἄλλοτε
522 959 644 1045 μέν
695 983 767 1026 τε
816 969 994 1049 κακῷ
1043 961 1079 1026 ὅ
1123 984 1198 1045 γε
1251 962 1547 1046 κύρεται,
1604 962 1836 1027 ἄλλοτε
1890 955 1955 1026 δ’
1997 960 2247 1048 ἐσθλῷ·

237 1057 290 1155 ᾧ
339 1065 420 1132 δέ
457 1090 530 1132 κε
574 1077 708 1131 τῶν
753 1072 1021 1153 λυγρῶν
1067 1068 1238 1152 δώῃ,
1285 1067 1586 1152 λωβητὸν
1632 1070 1903 1150 ἔθηκεν,
2142 1084 2242 1132 531

238 1175 358 1237 καί
397 1170 432 1238 ἑ
472 1173 636 1256 κακὴ
683 1174 1096 1258 βούβρωστις
1140 1171 1244 1239 ἐπὶ
1288 1176 1507 1258 χθόνα
1552 1174 1705 1239 δῖαν
1751 1174 2012 1239 ἐλαύνει
2021 1222 2042 1256 ,

238 1286 439 1365 φοιτᾷ
486 1274 548 1343 δ’
593 1280 745 1346 οὔτε
789 1286 1013 1345 θεοῖσι
1056 1278 1388 1364 τετιμένος
1434 1280 1585 1345 οὔτε
1630 1283 1989 1364 βροτοῖσιν.

237 1379 326 1461 ὥς
372 1380 495 1469 μὲν
539 1381 647 1450 καὶ
693 1388 915 1469 Πηλῆι
957 1383 1109 1451 θεοὶ
1148 1387 1358 1451 δόσαν
1403 1386 1614 1469 ἀγλαὰ
1658 1386 1842 1471 δῶρα

236 1490 308 1556 ἐκ
350 1501 641 1575 γενετῆς·
685 1491 934 1568 πάντας
979 1493 1105 1575 γάρ
1151 1490 1255 1557 ἐπ’
1299 1492 1700 1576 ἀνθρώπους
1744 1491 2050 1558 ἐκέκαστο
2140 1507 2243 1559 535

236 1598 411 1686 ὄλβῳ
456 1621 527 1662 τε
571 1598 834 1685 πλούτῳ
880 1621 978 1679 τε,
1027 1600 1275 1664 ἄνασσε
1322 1594 1396 1663 δὲ
1441 1599 2021 1683 Μυρμιδόνεσσιν,

234 1707 350 1768 καί
391 1704 462 1770 οί
498 1709 728 1790 θνητῷ
777 1703 956 1769 ἐόντι
1001 1706 1172 1770 θεὰν
1216 1708 1505 1787 ποίησαν
1549 1706 1820 1771 ἄκοιτιν.

234 1805 375 1874 ἀλλ’
421 1806 526 1874 ἐπὶ
571 1806 680 1873 καὶ
723 1815 812 1895 τῷ
859 1815 1028 1893 θῆκε
1073 1811 1234 1887 θεὸς
1276 1814 1510 1893 κακόν,
1558 1811 1698 1876 ὅττι
1741 1811 1813 1877 οἰ
1851 1810 1935 1876 οὔ
1977 1832 2041 1875 τι

235 1917 495 1981 παίδων
542 1914 616 1981 έν
659 1932 1003 2001 μεγαροισι
1047 1917 1215 2000 γονὴ
1261 1916 1488 2000 γένετο
1536 1920 1925 2001 κρειόντων,

235 2018 377 2088 ἀλλ’
414 2019 533 2086 ἕνα
571 2023 775 2087 παῖδα
814 2020 1000 2087 τέκεν
1041 2022 1453 2106 παναώριον·
1500 2023 1666 2089 οὐδέ
1698 2048 1786 2089 νυ
1835 2026 1953 2088 τόν
1991 2045 2069 2106 γε
2141 2038 2245 2087 540

232 2126 650 2214 γηράσκοντα
692 2130 964 2212 κομίζω,
1013 2126 1152 2193 ἐπεὶ
1196 2129 1371 2212 μάλα
1415 2131 1657 2212 τηλόθι
1698 2130 1949 2215 πάτρης

232 2229 393 2318 ἧμαι
439 2231 539 2299 ένὶ
591 2236 794 2320 Τροίῃ
842 2232 922 2298 σέ
960 2257 1031 2299 τε
1073 2236 1299 2318 κήδων
1343 2232 1463 2317 ἠδὲ
1508 2236 1593 2301 σά
1635 2232 1848 2301 τέκνα.

232 2335 342 2404 καὶ
387 2337 491 2421 σέ,
537 2336 766 2422 γέρον,
812 2340 888 2403 τὸ
933 2337 1093 2424 πρὶν
1139 2337 1261 2424 μὲν
1308 2340 1636 2425 ἀκούομεν
1682 2342 1912 2425 ὄλβιον
1937 2334 2153 2406 ἐἶναι’

233 2445 438 2511 ὅσσον
482 2441 741 2527 Λέσβος
785 2445 956 2528 ἄνω,
1003 2434 1326 2529 Μάκαρος
1370 2445 1550 2530 ἕδος,
1597 2432 2037 2531 ἐντὸςέέργει

231 2547 343 2615 καὶ
393 2552 650 2633 Φρυγίη
698 2551 1086 2633 καθύπερθε
1130 2549 1239 2617 καὶ
1275 2548 1757 2635 Ἑλλήσποντος
1791 2553 2107 2639 ἀπείρων,
2139 2569 2243 2619 545

231 2665 367 2721 τῶν
421 2672 526 2736 σε,
582 2654 813 2740 γέρον,
867 2657 1130 2744 πλούτῳ
1184 2680 1255 2722 τε
1307 2655 1419 2723 καὶ
1467 2658 1651 2724 υίάσι
1695 2657 1861 2743 φασὶ
1903 2661 2244 2726 κεκάσθαι.

234 2761 442 2845 αὐτὰρ
489 2760 634 2825 ἐπεί
670 2783 775 2826 τοι
818 2771 999 2845 πῆμα
1042 2760 1184 2827 τόδ’
1225 2763 1480 2846 ἤγαγον
1527 2762 1978 2848 Οὐρανίωνες,

235 2869 370 2932 αἰεί
408 2890 512 2931 τοι
555 2865 706 2951 περὶ
753 2867 918 2931 ἄστυ
962 2866 1163 2950 μάχαι
1206 2864 1264 2932 τ’
1309 2866 1778 2954 ἀνδροκτασίαι
1822 2893 1907 2935 τε.

232 2973 503 3057 ἄνσχεο,
550 2966 706 3057 μηδ’
746 2972 1063 3037 ἀλίαστον
1109 2972 1350 3059 ὀδύρεο
1396 2975 1520 3039 σὸν
1563 2977 1727 3040 κατὰ
1770 2979 2023 3062 θυμόν·

233 3080 317 3144 οὐ
358 3078 485 3162 γάρ
530 3101 595 3143 τι
638 3077 903 3162 πρήξεις
947 3078 1354 3165 ἀκαχήμενος
1396 3073 1543 3158 υἷος
1588 3080 1766 3166 ἑῆος,
2138 3100 2241 3151 550

233 3183 398 3250 οὐδέ
445 3208 560 3268 μιν
606 3182 977 3267 ἀνστήσεις·
1031 3184 1191 3270 πρὶν
1245 3185 1355 3252 καὶ
1400 3189 1605 3252 κακὸν
1649 3189 1810 3254 ἄλλο
1854 3189 2243 3276 πάθῃσθα.“
2330 3217 2341 3227 ·

319 3291 440 3355 τὸν
485 3287 546 3354 δ’
590 3287 877 3374 ἠμείβετ’
921 3293 1141 3356 ἔπειτα
1184 3290 1403 3378 γέρων
1450 3297 1755 3377 Πρίαμος
1800 3296 2128 3380 θεοειδής·

231 3397 365 3480 ,,μή
403 3395 487 3480 με’
517 3416 618 3460 πω
659 3395 726 3471 ἐς
762 3398 1020 3480 θρόνον
1057 3397 1181 3480 ἵζε,
1220 3397 1593 3483 διοτρεφές,
1633 3400 1811 3484 ὄφρα
1837 3424 1953 3475 κεν
1990 3401 2242 3488 Ἕκτωρ

232 3510 421 3585 κῆται
468 3499 569 3567 ἐνὶ
613 3504 943 3586 κλισίῃσιν
989 3502 1262 3587 ἀκηδής,
1312 3503 1476 3569 ἀλλὰ
1519 3506 1790 3590 τάχιστα
