2525 3884
242 223 371 289 236
1042 224 1345 277 ΙΑΙΑΔΟΣ
1379 225 1455 280 Ψ.

240 370 358 434 καί
396 384 562 453 σφιν
609 362 779 433 δαῖτ’
830 367 1094 452 ἀγαθὴν
1137 368 1618 453 παραθήσομεν
1655 364 1730 432 έν
1764 367 2115 451 κλισίῃσιν.
2153 379 2267 431 810

178 440 265 541 γ*
330 469 420 550 ὧς
464 471 677 560 ἔφατ’,
734 468 906 557 ὦρτο
964 470 1025 538 δ’
1087 475 1307 539 ἔπειτα
1350 471 1552 557 μέγας
1601 471 2017 556 Τελαμώνιος
2059 476 2269 555 Αἴας,

242 578 327 644 ἂν
373 577 435 645 δ’
487 581 615 664 ἄρα
669 581 991 664 Τυδεΐδης
1036 574 1205 666 ὦρτο
1252 579 1566 664 κρατερὸς
1610 579 1971 662 Διομήδης.

243 685 315 751 οἰ
357 683 417 751 δ’
471 684 611 753 ἐπεὶ
657 680 781 752 οὖν
828 684 1182 770 ἑκάτερθεν
1228 683 1465 769 ὁμίλου
1509 685 2000 769 θωρήχθησαν,

243 791 311 868 ἐς
354 790 561 877 μέσον
605 791 954 877 ἀμφοτέρω
1000 794 1279 874 συνίτην
1324 800 1620 875 μεμαῶτε
1664 790 2024 874 μάχεσθαι,

246 898 471 964 δεινὸν
520 896 922 983 δερκομένω·
965 898 1229 980 θάμβος
1265 893 1328 960 δ’
1373 899 1478 980 ἔχε
1512 895 1760 973 πάντας
1791 890 2105 980 Ἀχαιούς.
2157 912 2267 962 815

245 999 390 1068 ἀλλ’
443 1004 549 1069 ὅτε
597 1004 680 1086 δὴ
726 1003 964 1088 σχεδὸν
1008 998 1181 1086 ἦσαν
1227 997 1326 1069 ἐπ’
1378 1001 1763 1086 ἀλλήλοισιν
1810 1003 2049 1085 ἰόντες,

245 1106 388 1192 τρὶς
431 1106 553 1193 μὲν
599 1107 899 1194 ἐπήιξαν,
944 1107 1087 1194 τρὶς
1132 1104 1203 1174 δὲ
1251 1109 1491 1193 σχεδὸν
1534 1109 1963 1193 ὡρμήθησαν.

247 1207 395 1279 ἔνθ’
447 1219 616 1292 Αἶας
659 1210 783 1298 μὲν
829 1217 1048 1280 ἔπειτα
1093 1210 1233 1279 κατ’
1288 1213 1534 1279 ἀσπίδα
1577 1209 1851 1278 πάντοσ’
1903 1212 2090 1296 ἐίσην

251 1315 417 1403 νύξ’,
465 1317 624 1386 οὐδὲ
669 1316 812 1406 χρό’
864 1322 1116 1387 ἵκανεν·
1162 1323 1358 1406 ἔρυτο
1401 1321 1528 1403 γὰρ
1576 1320 1814 1385 ἔνδοθι
1858 1317 2113 1405 θώρηξ·

256 1427 579 1511 Τυδεΐδης
625 1423 687 1492 δ’
737 1423 842 1513 ἄρ’
895 1429 1116 1492 ἔπειτα
1160 1422 1327 1510 ὑπὲρ
1373 1425 1605 1502 σάκεος
1648 1425 1957 1509 μεγάλοιο
2158 1441 2265 1492 820

248 1531 393 1599 αἰὲν
438 1528 538 1598 ἐπ’
590 1532 819 1617 αὐχένι
864 1543 1024 1618 κῦρε
1070 1540 1353 1616 φαεινοῦ
1399 1532 1643 1616 δουρὸς
1686 1530 1920 1616 ἀκωκῇ.

247 1636 358 1703 καὶ
401 1640 547 1703 τότε
595 1639 677 1721 δή
724 1634 786 1724 ῤ’
836 1644 1078 1704 Αἴαντι
1120 1640 1611 1722 περιδείσαντες
1649 1631 1895 1722 Ἀχαιοὶ

248 1743 713 1828 παυσαμένους
758 1742 1108 1810 ἐκέλευσαν
1154 1743 1391 1809 ἀέθλια
1439 1737 1526 1807 ἷσ’
1578 1742 1953 1809 ἀνελέσθαι.

253 1851 462 1936 αὐτὰρ
515 1850 800 1936 Τυδεΐδῃ
848 1851 1058 1916 δῶκεν
1102 1847 1266 1935 μέγα
1312 1850 1661 1935 φάσγανον
1706 1850 1881 1934 ἥρως

253 1957 381 2022 σὺν
426 1962 632 2045 κολεῷ
678 1979 748 2023 τε
794 1956 1021 2042 φέρων
1065 1954 1176 2020 καὶ
1223 1956 1517 2043 έυτμήτφ
1562 1961 1904 2038 τελαμῶνι.
2163 1971 2270 2022 825

340 2062 548 2150 αὐτὰρ
595 2063 930 2146 Πηλεΐδης
971 2068 1184 2146 θῆκεν
1227 2064 1431 2127 σόλον
1478 2061 1931 2146 αὐτοχόωνον,

255 2168 333 2234 ὃν
378 2167 536 2254 πρὶν
582 2168 704 2253 μὲν
751 2169 1063 2254 ῥίπτασκε
1109 2166 1275 2253 μέγα
1322 2164 1567 2245 σθένος
1605 2163 1981 2244 Ἠετίωνος·

254 2269 397 2338 ἀλλ’
447 2269 488 2358 ἦ
534 2297 638 2339 τοι
681 2277 800 2341 τὸν
838 2278 1078 2361 ἔπεφνε
1123 2274 1463 2359 ποδάρκης
1507 2275 1651 2351 δῖος
1687 2270 2043 2358 Ἀχιλλεύς,

253 2381 372 2445 τὸν
419 2375 480 2444 δ’
532 2376 705 2464 ἄγετ’
758 2381 832 2447 έν
876 2384 1106 2464 νήεσσι
1152 2383 1281 2446 σὺν
1326 2382 1586 2446 ἄλλοισι
1627 2379 2018 2445 κτεάτεσσιν.

257 2494 375 2568 στῆ
424 2480 489 2548 δ’
541 2484 750 2571 ὀρθὸς
791 2484 899 2551 καὶ
945 2493 1169 2571 μῦθον
1215 2485 1291 2552 έν
1331 2482 1723 2571 Ἀργείοισιν
1769 2488 2008 2551 ἔειπεν·
2162 2502 2269 2550 830

256 2588 610 2676 ,,ὄρνυσθ’,
657 2595 729 2656 οἳ
767 2591 877 2657 καὶ
924 2593 1172 2658 τούτου
1219 2591 1473 2657 ἀέθλου
1517 2595 1934 2677 πειρήσεσθε.

255 2704 324 2762 εἴ
361 2697 433 2762 οί
470 2696 580 2762 καὶ
624 2699 795 2780 μάλα
839 2699 1088 2764 πολλὸν
1135 2698 1475 2777 ἀπόπροθι
1517 2700 1743 2775 πίονες
1787 2698 2009 2783 ἀγροί,

257 2802 386 2882 ἕξει
429 2827 543 2887 μιν
585 2801 696 2877 καὶ
739 2802 931 2870 πέντε
976 2804 1498 2887 περιπλομένους
1543 2803 1889 2880 ἐνιαυτοὺς

256 2910 651 2995 χρεώμενος·
697 2910 780 2976 οὐ
825 2908 947 2995 μὲν
991 2911 1118 2995 γάρ
1166 2911 1237 2975 οί
1277 2909 1717 2995 ἀτεμβόμενός
1758 2934 1835 2994 γε
1880 2911 2161 2993 σιδήρου

255 3017 502 3101 ποιμὴν
549 3016 676 3082 οὐδ
684 3011 700 3036 ’
752 3015 997 3102 ἀροτὴρ
1044 3011 1163 3081 εἶσ’
1218 3017 1286 3093 ἐς
1328 3019 1556 3100 πόλιν,
1594 3015 1761 3081 ἀλλὰ
1794 3013 2120 3101 παρέξει.“
2164 3030 2270 3081 835

346 3117 435 3198 ὦς
471 3117 682 3207 ἔφατ’,
731 3117 901 3206 ὦρτο
942 3118 1004 3186 δ’
1051 3125 1271 3187 ἔπειτα
1306 3124 1784 3207 μενεπτόλεμος
1821 3125 2267 3204 Πολυποίτης,

259 3229 344 3294 ἂν
391 3225 465 3294 δὲ
508 3233 842 3310 Λεοντῆος
885 3229 1207 3313 κρατερὸν
1252 3225 1451 3311 μένος
1495 3225 1864 3310 ἀντιθέοιο,

259 3335 343 3401 ἂν
389 3331 449 3400 δ’
501 3338 671 3409 Αἴας
712 3334 1220 3417 Τελαμωνιάδης
1263 3331 1375 3398 καὶ
1421 3334 1563 3409 δῖος
1602 3328 1868 3410 Ἐπειός.

260 3438 466 3524 ἑξείης
512 3434 575 3503 δ’
626 3437 922 3521 ἵσταντο,
971 3440 1174 3504 σόλον
1222 3435 1289 3502 δ’
1342 3437 1447 3505 ἕλε
1494 3439 1637 3515 δῖος
1674 3438 1952 3520 Ἐπειός,

259 3541 375 3626 ἧκε
423 3542 496 3611 δὲ
543 3546 844 3629 δινήσας·
889 3542 1177 3628 γέλασαν
1224 3540 1288 3609 δ’
1340 3543 1448 3610 ἐπὶ
1492 3545 1730 3621 πάντες
1765 3541 2028 3628 Ἀχαιοί.
2169 3561 2274 3610 840
