2525 3884
268 176 354 241 10
1057 180 1359 231 mmor.
1393 179 1458 232 N.

262 321 468 386 ἄλλον
512 322 643 386 πού
686 343 836 385 τινα
882 326 1134 405 μᾶλλον
1172 319 1452 405 Ἀχαιῶν
1495 320 1997 405 χαλκοχιτώνων

263 427 451 507 λήθω
498 427 936 513 μαρνάμενος,
983 424 1057 493 σὲ
1104 425 1179 492 δὲ
1224 429 1488 510 ἴδμεναι
1533 426 1738 491 αὐτὸν
1782 425 1966 490 ὀίω.“

349 532 469 596 τὸν
517 527 578 596 δ’
630 528 773 598 αὖτ’
820 530 1188 618 Ἰδομενεὺς
1232 536 1518 618 Κρητῶν
1561 532 1721 614 ἀγὸς
1764 531 1994 596 ἀντίον
2035 529 2240 613 ηὔδα·

261 631 464 721 ,,οἶδ’,
504 637 745 724 ἀρετὴν
782 631 921 716 οἷός
957 638 1128 704 έσσι·
1173 642 1244 702 τί
1275 655 1349 704 σε
1383 639 1507 724 χρὴ
1544 646 1749 702 ταῦτα
1787 636 2131 721 λέγεσθαις
2171 652 2279 702 275

262 743 326 805 εί
365 744 491 829 γὰρ
536 753 668 808 νῦν
711 746 890 830 παρὰ
931 742 1131 828 νηυσὶ
1177 747 1538 828 λεγοίμεθα
1580 743 1816 819 πάντες
1860 743 2118 827 ἄριστοι

263 847 330 924 ές
375 852 597 934 λόχον,
646 853 818 916 ἔνθα
864 845 1123 934 μάλιστ’
1175 851 1371 936 ἀρετὴ
1418 850 1775 915 διαείδεται
1818 848 2106 934 ἀνδρῶν,
2155 883 2238 893 -

261 950 410 1020 ἔνθ’
460 956 497 1021 ὄ
539 979 612 1021 τε
659 957 875 1034 δειλὸς
918 957 1108 1043 ἀνήρ,
1156 958 1229 1034 ὄς
1274 954 1331 1021 τ’
1383 957 1674 1040 ἄλκιμος,
1722 954 2125 1041 ἐξεφαάνθη·

258 1069 381 1125 τοῦ
426 1057 548 1145 μὲν
589 1062 718 1147 γάρ
762 1084 833 1128 τε
876 1073 1086 1129 κακοῦ
1129 1061 1432 1147 τρέπεται
1475 1063 1649 1146 χρὼς
1693 1063 1963 1138 ἄλλυδις
2008 1062 2194 1145 ἄλλῃ,

261 1164 428 1231 οὐδέ
469 1166 541 1231 οἰ
580 1166 862 1252 ἀτρέμας
904 1164 1113 1252 ἧσθαι
1160 1165 1450 1254 ἐρητύετ’
1504 1168 1579 1233 ἐν
1627 1165 1825 1254 φρεσὶ
1867 1169 2107 1251 θυμός,
2171 1181 2279 1230 280

262 1271 429 1337 ἀλλὰ
473 1274 846 1357 μετοκλάζει
890 1273 1001 1339 καὶ
1046 1269 1145 1340 ἐπ’
1197 1273 1613 1361 ἀμφοτέρους
1656 1275 1865 1350 πόδας
1908 1274 2046 1356 ἵζει,

261 1376 336 1442 έν
382 1377 461 1443 δέ
500 1378 576 1445 τέ
617 1379 689 1444 οἰ
724 1381 965 1466 κραδίη
1012 1382 1261 1466 μεγάλα
1308 1380 1640 1467 στέρνοισι
1683 1380 1999 1445 πατάσσει

137 1502 153 1525 ⁰
259 1491 465 1568 κῆρας
508 1483 811 1575 ὀιομένω,
857 1488 1149 1570 πάταγος
1195 1486 1276 1553 δέ
1312 1510 1384 1553 τε
1425 1483 1670 1571 γίγνετ’
1724 1485 2047 1552 ὀδόντων·

259 1598 381 1655 τοῦ
427 1587 488 1655 δ’
540 1590 803 1675 ἀγαθοῦ
849 1587 990 1657 οὔτ’
1041 1592 1124 1679 ἂρ
1168 1591 1470 1678 τρέπεται
1513 1593 1686 1677 χρὼς
1732 1592 1884 1657 οὔτε
1928 1614 1992 1655 τι
2037 1593 2189 1673 λίην

106 1656 111 1663 ν
155 1686 159 1692 ’
259 1699 507 1780 ταρβεῖ,
554 1696 700 1763 ἐπεί
735 1721 853 1762 κεν
897 1708 1161 1784 πρῶτον
1207 1699 1493 1782 ἐσίζηται
1537 1701 1738 1784 λόχον
1784 1697 2071 1783 ἀνδρῶν,
2171 1712 2276 1761 285

260 1800 497 1886 ἀρᾶται
543 1799 617 1868 δὲ
660 1803 943 1888 τάχιστα
974 1806 1327 1889 μιγήμεναι
1373 1804 1448 1870 έν
1494 1806 1611 1869 δαῒ
1651 1809 1860 1890 λυγρῇ
1900 1840 1984 1850 -

263 1906 428 1973 οὐδέ
466 1931 582 1974 κεν
628 1911 798 1974 ἔνθα
841 1913 993 1976 τεόν
1039 1935 1115 1995 γε
1160 1910 1360 1996 μένος
1402 1908 1513 1977 καὶ
1557 1921 1777 1995 χεῖρας
1822 1912 2063 1976 ὄνοιτο.

262 2018 330 2077 εἴ
362 2035 485 2100 περ
528 2015 655 2101 γάρ
700 2039 774 2081 κε
817 2020 983 2102 βλῇο
1029 2019 1436 2102 πονεύμενος
1478 2013 1555 2099 ἠὲ
1596 2018 1885 2099 τυπείης,

262 2119 386 2184 οὐκ
430 2119 515 2185 ἂν
564 2121 637 2187 έν
683 2118 907 2207 αὐχέν’
950 2125 1193 2189 ὄπισθε
1237 2121 1429 2188 πέσοι
1478 2121 1669 2206 βέλος
1716 2120 1863 2187 οὐδ’
1920 2119 2021 2188 ένὶ
2063 2122 2273 2208 νώτῳ,

262 2223 429 2290 ἀλλά
470 2250 585 2292 κεν
629 2227 671 2311 ἢ
718 2227 1012 2315 στέρνων
1055 2228 1097 2314 ἢ
1144 2230 1394 2313 νηδύος
1440 2229 1809 2295 ἀντιάσειεν
2171 2244 2276 2294 290
2321 2279 2343 2301 ,,

260 2335 530 2417 πρόσσω
579 2334 862 2418 ἱεμένοιο
910 2337 1070 2419 μετά
1112 2336 1472 2421 προμάχων
1517 2334 1852 2421 ὀαριστύν.

149 2506 156 2514 ,
261 2433 405 2503 ἀλλ’
457 2440 574 2523 ἄγε
617 2438 845 2524 μηκέτι
888 2451 1093 2507 ταῦτα
1138 2442 1484 2526 λεγώμεθα
1528 2442 1839 2526 νηπύτιοι
1884 2441 1975 2518 ὣς

263 2541 585 2628 ἑστεῶτες,
621 2548 721 2630 ’μή
766 2547 898 2611 πού
941 2569 1041 2623 τις
1083 2547 1508 2633 ὑπερφιάλως
1550 2552 1906 2635 νεμεσήσῃ·

263 2649 430 2715 ἀλλά
474 2653 559 2716 σύ
603 2676 679 2735 γε
720 2653 1059 2736 κλισίηνδε
1101 2655 1268 2746 κιὼν
1314 2654 1463 2720 ἕλευ
1508 2656 1790 2741 ὄβριμον
1835 2655 2087 2740 ἔγχος.“

352 2751 441 2833 ὥς
485 2758 678 2841 φάτο,
723 2761 1076 2843 Μηριόνης
1122 2756 1195 2825 δὲ
1241 2766 1388 2848 θοῷ
1435 2760 1794 2837 ἀτάλαντος
1820 2760 2016 2846 ’Ἀρηι
2168 2776 2272 2825 295

261 2865 684 2949 καρπαλίμως
727 2867 1076 2948 κλισίηθεν
1121 2865 1415 2932 ἀνείλετο
1459 2867 1739 2951 χάλκεον
1784 2869 1992 2950 ἔγχος,

263 2978 349 3052 ρῆ
397 2967 471 3034 δὲ
515 2967 656 3054 μετ’
701 2964 1044 3055 Ἰδομενῆα
1089 2966 1254 3056 μέγα
1297 2972 1647 3056 πτολέμοιο
1693 2973 2009 3056 μεμηλώς.

265 3067 404 3152 οἷος
449 3072 523 3141 δὲ
568 3078 998 3160 βροτολοιγὸς
1025 3076 1228 3161 ’Ἀρης
1273 3079 1640 3163 πολεμόνδε
1685 3076 1995 3163 μέτεισιν,

262 3190 354 3267 τῷ
401 3178 475 3247 δὲ
525 3185 746 3265 Φόβος
789 3186 983 3268 φίλος
1026 3184 1172 3260 υίὸς
1217 3185 1350 3268 ἅμα
1392 3185 1707 3271 κρατερὸς
1750 3182 1859 3249 καὶ
1904 3183 2190 3270 ἀταρβὴς

264 3287 517 3373 ἕσπετο,
565 3289 638 3365 ὄς
682 3284 739 3354 τ’
791 3289 1079 3373 ἐφόβησε
1122 3290 1509 3377 ταλάφρονά
1552 3311 1675 3372 περ
1721 3294 2150 3374 πολεμιστήν·
2171 3308 2274 3357 300

264 3396 357 3460 τὼ
403 3391 526 3480 μὲν
571 3389 679 3482 ἄρ’
729 3395 800 3461 ἐκ
847 3395 1108 3481 Θρῄκης
1145 3392 1477 3481 Ἐφύρους
1521 3394 1681 3479 μέτα
1724 3398 2216 3478 θωρήσσεσθον

264 3497 341 3585 ἠὲ
385 3503 543 3587 μετὰ
594 3503 895 3586 Φλεγύας
938 3503 1408 3586 μεγαλήτορας·
1457 3498 1603 3565 οὐδ’
1655 3502 1782 3583 ἀρα
1826 3503 1918 3565 τώ
1963 3525 2039 3585 γε
