2525 3884
258 167 344 234 38
1072 170 1372 222 ammon
1407 169 1472 226 Ξ.

259 320 378 396 στῆ
408 306 469 376 δ’
504 311 704 396 αὐτῆς
727 312 1206 397 προπάροιθεν,
1237 315 1391 389 ἔπος
1417 306 1475 376 τ’
1508 305 1693 396 ἔφατ’
1727 314 1801 377 ἔκ
1832 304 1890 375 τ’
1922 310 2248 394 ὀνόμαζεν

260 414 486 503 ,ζἨρη,
530 426 621 504 πῇ
666 427 950 503 μεμαυῖα
992 415 1134 484 κατ’
1189 418 1555 502 Οὐλύμπου
1597 413 1737 484 τόδ’
1771 416 2064 495 ,ἱκάνειςς

263 524 454 589 ἵπποι
499 521 561 589 δ’
614 524 696 590 οὐ
740 523 1018 609 παρέασι
1060 522 1172 590 καὶ
1215 524 1492 609 ἅρματα,
1536 534 1671 590 τῶν
1710 518 1772 588 κ’
1823 521 2182 606 έπιβαίης.“

346 631 466 695 τὸν
511 626 586 695 δὲ
631 627 1174 715 δολοφρονέουσα
1216 631 1566 716 προσηύδα
1608 632 1846 696 πότνια
1872 626 2075 711 Ἥρη·
2164 643 2277 693 800

263 737 581 821 „gnomo
624 735 918 821 ὀψομένη
963 737 1400 822 πολυφόρβου
1443 739 1718 822 πείρατα
1760 738 1955 819 γαίης

254 837 569 908 ’.Ωαιεανόν
612 865 683 908 τε
725 848 909 907 θεῶν
951 838 1215 924 γένεσιν
1259 840 1371 908 καὶ
1415 839 1661 928 μητέρα
1713 840 1977 925 Τηθύν,

264 947 336 1011 οἵ
373 970 453 1032 με
499 956 729 1030 σφοῖσι
774 948 1081 1031 δόμοισιν
1126 946 1202 1013 ἐὺ
1242 945 1497 1033 τρέφον
1538 943 1645 1031 ἠδ’
1698 946 2072 1011 ἀτίταλλον·

264 1054 421 1130 τοὺς
466 1047 593 1137 εἶμ’
645 1050 974 1136 ὀψομένη,
1016 1055 1135 1118 καί
1172 1051 1287 1137 σφ’
1341 1054 1572 1136 ἄκριτα
1615 1055 1835 1118 νείκεα
1880 1053 2079 1117 λύσω.

260 1160 391 1242 ἤδη
437 1159 564 1242 γὰρ
612 1159 821 1244 δηρὸν
866 1160 1111 1243 χρόνον
1156 1157 1461 1242 ἀλλήλων
1497 1155 1849 1243 ἀπέχονται
2164 1174 2269 1224 305

263 1263 459 1348 εὐνῆς
499 1261 611 1329 καὶ
654 1266 1033 1348 φιλότητος,
1090 1261 1228 1330 ἐπεὶ
1272 1267 1468 1349 χόλος
1511 1266 1747 1349 ἔμπεσε
1787 1269 2003 1352 θυμῷ.

260 1369 447 1435 ἵπποι
494 1367 555 1435 δ’
607 1369 681 1436 έν
724 1373 1148 1457 πρυμνωρείῃ
1190 1371 1640 1463 πολυπίδακος
1664 1368 1849 1455 Ἴδης

263 1473 510 1560 ἑστᾶσ’,
555 1476 628 1541 οἵ
663 1474 730 1561 μ’
784 1482 1088 1543 οἴσουσιν
1132 1474 1239 1544 ἐπὶ
1282 1479 1620 1562 τραφερήν
1662 1499 1734 1543 τε
1777 1476 1887 1543 καὶ
1930 1476 2163 1562 ὑγρήν.

260 1591 388 1648 νῦν
434 1578 509 1649 δὲ
552 1591 672 1648 σεῦ
717 1583 936 1649 εἵνεκα
981 1584 1180 1669 δεῦρο
1224 1580 1367 1648 κατ’
1422 1583 1787 1668 Οὐλύμπου
1838 1580 1979 1648 τόδ’
2033 1582 2270 1665 ἱκάνω,

261 1691 349 1773 μή
393 1689 531 1764 πώς
576 1711 690 1772 μοι
733 1687 1069 1772 μετέπειτα
1112 1690 1467 1774 χολώσεαι,
1513 1693 1591 1755 αἴ
1624 1712 1699 1754 κε
1733 1699 1948 1775 σιωπῇ
2162 1706 2269 1755 310

262 1799 540 1879 οἴχωμαι
583 1794 749 1880 πρὸς
793 1796 980 1879 δῶμα
1024 1798 1418 1881 βαθυρρόου
1444 1789 1846 1860 Ὦαιεανοῐοέἒ

346 1900 469 1984 τὴν
515 1895 577 1964 δ’
630 1899 1153 1985 ἀπαμειβόμενος
1195 1899 1501 1986 προσέφη
1553 1899 2035 1987 νεφεληγερέτα
2073 1901 2269 1977 Ζεύς·

261 2003 497 2092 ,ξΉρη,
542 2016 719 2073 κεῖσε
764 2003 885 2091 μὲν
930 2008 1070 2072 ἔστι
1111 2003 1223 2071 καὶ
1266 2005 1549 2091 ὕστερον
1593 2005 2002 2092 ὁρμηθῆναι,

269 2122 395 2176 νῶι
441 2106 502 2176 δ’
553 2107 657 2194 ἄγ’
707 2111 781 2179 έν
825 2115 1130 2197 φιλότητι
1172 2115 1568 2198 τραπείομεν
1613 2111 2001 2195 εὐνηθέντε·

262 2217 345 2282 οὐ
385 2218 515 2302 γάρ
559 2220 660 2284 πώ
703 2217 867 2285 ποτέ
905 2215 971 2303 μ’
1023 2212 1154 2283 ὧδε
1196 2223 1363 2295 θεᾶς
1407 2220 1557 2302 ἔρος
1600 2215 1760 2284 οὐδὲ
1803 2219 2120 2301 γυναικὸς
2161 2236 2267 2285 315

259 2324 484 2408 θυμὸν
530 2321 631 2389 ένὶ
675 2325 992 2406 στήθεσσι
1034 2321 1547 2409 περιπροχυθεὶς
1591 2322 1988 2407 ἐδάμασσεν,

264 2426 439 2512 [οὐδ’
492 2425 674 2495 ὁπότ’
725 2429 1073 2516 ἠρασάμην
1108 2428 1415 2514 Ἰξιονίης
1458 2430 1754 2515 ἀλόχοιο,

257 2534 301 2619 ἢ
344 2532 489 2600 τέκε
533 2537 904 2620 Πειρίθοον
947 2537 1193 2619 θεόφιν
1246 2528 1533 2621 μήστωρ’
1584 2534 1975 2601 ἀτάλαντον·

262 2635 408 2707 οὐδ’
459 2641 567 2706 ὅτε
609 2661 732 2726 περ
776 2639 1050 2723 Δανάης
1091 2641 1552 2725 καλλισφύρου
1589 2637 2045 2728 Ἀκρισιώνης,

257 2748 300 2832 ἣ
344 2745 488 2813 τέκε
532 2751 803 2831 Περσῆα
844 2745 1113 2810 πάντων
1157 2744 1565 2829 ἀριδείκετον
1609 2746 1906 2833 ἀνδρῶν·
2162 2765 2264 2814 320

260 2847 412 2919 οὐδ’
454 2853 564 2918 ὅτε
613 2854 925 2929 Φοίνικος
966 2851 1213 2935 κούρης
1254 2856 1721 2936 τηλεκλειτοῖο,

258 2959 301 3043 ἣ
345 2957 488 3025 τέκε
532 2981 647 3043 μοι
690 2960 891 3024 Μίνω
934 2980 1005 3023 τε
1046 2954 1158 3023 καὶ
1192 2956 1509 3023 ἀντίθεον
1544 2954 2036 3044 Ῥαδάμανθυν·

261 3062 407 3131 οὐδ’
460 3065 569 3131 ὅτε
611 3086 733 3149 περ
779 3061 1076 3149 Σεμέλης
1120 3057 1269 3129 οὐδ’
1293 3060 1657 3149 Ἀλκμήνης
1700 3063 1802 3132 ἐνὶ
1847 3068 2063 3152 Θήβῃ,

258 3170 303 3253 ἥ
347 3166 411 3256 ῤ’
452 3166 786 3256 Ἡρακλῆα
828 3172 1333 3256 κρατερόφρονα
1374 3173 1639 3254 γείνατο
1682 3173 1915 3238 παῖδα·

260 3275 303 3360 ἡ
351 3274 425 3342 δὲ
469 3276 832 3342 Διώνυσον
878 3275 1135 3360 Σεμέλη
1182 3274 1326 3342 τέκε
1371 3275 1587 3361 χάρμα
1631 3279 2003 3362 βροτοῖσιν·
2163 3294 2264 3345 82⁶

265 3377 406 3453 »ὐδ’
461 3381 567 3446 ὅτε
612 3383 970 3467 Δήμητρος
1011 3382 1569 3465 καλλιπλοκάμοιο
1614 3381 1931 3467 ἀνάσσης,

261 3483 405 3553 οὐδ’
459 3485 654 3552 ὁπότε
699 3490 965 3570 Λητοῦς
1009 3486 1375 3571 ἐρικυδέος,
1422 3483 1581 3552 οὐδὲ
1624 3496 1745 3553 σεῦ
1790 3487 2037 3572 αὐτῆς,]

2401 1461 2413 1472 ’
2499 1450 2505 1585 ἰ
