2525 3884
982 196 1289 249 ῙΛῙΑΔοΣ
1325 198 1526 252 xxm.
2128 195 2253 258 211

334 338 539 426 αὐτὰρ
582 342 702 405 τόν
745 363 822 422 γε
865 340 1114 405 ἄνακτα
1156 341 1461 405 ποδώκεα
1509 342 1861 423 Πηλεΐωνα
2189 356 2258 405 35

239 449 339 524 εἰς
377 441 828 532 Ἀγαμέμνονα
873 446 1023 511 δῖον
1067 445 1236 529 ἄγον
1281 448 1588 530 βασιλῆες
1627 440 1938 531 Ἀχαιῶν,
2065 468 2076 473 “

130 596 209 657 5
239 555 505 638 σπουδῇ
548 554 1092 639 παρπεπιθόντες,
1139 549 1404 638 ἑταίρου
1447 554 1787 637 χωόμενον
1832 561 1973 639 κῆρ.

241 661 319 725 οἰ
358 656 419 725 δ’
471 659 578 724 ὅτε
624 659 708 742 δή
753 660 1015 741 κλισίην
1053 654 1537 743 Ἀγαμέμνονος
1583 649 1726 737 ἷξον
1774 660 2017 741 ἰόντες,

241 765 478 837 αὐτίκα
521 764 881 850 κηρύκεσσι
925 766 1449 849 λιγυφθόγγοισι
1491 762 1814 830 κέλευσαν

241 869 417 956 ἀμφὶ
459 869 621 957 πυρὶ
665 878 900 954 στῆσαι
942 871 1225 956 τρίποδα
1272 870 1511 955 μέγαν,
1559 872 1622 936 εἰ
1661 873 2013 937 πεπίθοιεν
2189 886 2257 935 40

242 979 588 1062 Πηλεΐδην
633 977 1008 1042 λούσασθαι
1051 977 1178 1041 ἄπο
1223 978 1469 1062 βρότον
1515 976 1923 1062 αἱματόεντα.

244 1084 453 1169 αὐτὰρ
500 1083 538 1149 ὅ
580 1077 646 1166 γ’
697 1082 961 1168 ἠρνεῖτο
1007 1091 1319 1167 στερεῶς,
1365 1079 1471 1148 ἐπὶ
1518 1076 1579 1146 δ’
1632 1083 1834 1169 ὅρκον
1880 1084 2195 1167 ὄμοσσεν·

244 1190 374 1274 ,,οὐ
419 1190 509 1274 μοὶ
556 1183 747 1273 Ζῆν’,
794 1188 868 1264 ὅς
911 1190 1012 1264 τίς
1052 1210 1124 1252 τε
1168 1193 1351 1253 θεῶν
1396 1188 1644 1264 ὕπατος
1685 1186 1797 1255 καὶ
1838 1189 2133 1275 ἄριστος,

245 1296 328 1362 οὐ
371 1292 571 1380 θέμις
613 1291 752 1360 ἐστὶ
796 1294 1032 1380 λοετρὰ
1076 1295 1403 1379 καρήατος
1447 1287 1657 1359 ἆσσον
1705 1291 1993 1378 ἱκέσθαι,

243 1405 404 1487 πρίν
439 1397 503 1484 γ’
546 1398 644 1467 ἐνὶ
685 1400 1076 1486 Πάτροκλον
1111 1399 1392 1485 θέμεναι
1428 1397 1588 1485 πυρὶ
1625 1400 1799 1484 σῆμά
1834 1423 1904 1466 τε
1938 1408 2124 1486 χεῦαι
2188 1416 2258 1466 45

245 1509 603 1594 κείρασθαί
639 1529 710 1572 τε
753 1508 998 1590 κόμην,
1044 1502 1182 1571 ἐπεὶ
1230 1506 1313 1570 οὔ
1360 1500 1431 1589 μ’
1484 1507 1578 1571 ἔτι
1624 1505 1938 1592 δεύτερον
1985 1501 2114 1572 ὧδε

247 1608 399 1694 ἵξετ’
450 1615 606 1698 ἄχος
649 1613 966 1699 κραδίην,
1015 1612 1194 1698 ὄφρα
1242 1615 1464 1691 ζωοῖσι
1509 1615 1758 1697 μετείω.

248 1715 398 1786 ἀλλ’
447 1715 491 1804 ἠ
534 1743 640 1785 τοι
682 1727 812 1785 νῦν
855 1715 979 1802 μὲν
1023 1725 1308 1803 στυγερῇ
1353 1720 1743 1804 πειθώμεθα
1788 1720 1970 1785 δαιτί
1972 1739 1985 1753 ·

246 1826 472 1902 ἠῶθεν
517 1823 579 1891 δ’
631 1826 939 1910 ὄτρυνον,
986 1823 1147 1901 ἄναξ
1193 1823 1461 1911 ἀνδρῶν
1499 1822 1941 1910 Ἀγάμεμνον,

245 1932 416 2016 ὕλην
460 1928 521 1995 τ’
573 1927 876 2015 ἀξέμεναι
920 1930 1097 2015 παρά
1140 1952 1210 1994 τε
1256 1941 1462 2014 σχεῖν,
1509 1927 1652 1996 ὅσσ’
1707 1928 1981 2007 ἐπιεικὲς
2194 1947 2263 1996 50

248 2039 486 2124 νεκρὸν
531 2039 765 2121 ἔχοντα
808 2034 1084 2101 νέεσθαι
1125 2035 1257 2101 ὑπὸ
1307 2039 1511 2121 ζόφον
1555 2036 1899 2120 ἠερόεντα,

247 2139 403 2231 ὄφρ’
452 2139 495 2227 ἠ
540 2165 644 2208 τοι
686 2150 926 2208 τοῦτον
971 2138 1093 2227 μὲν
1129 2140 1448 2228 ἐπιφλέγῃ
1495 2142 1829 2227 ἀκάματον
1863 2150 1996 2228 πῦρ

245 2258 508 2317 θᾶσσον
553 2246 662 2314 ἀπ’
706 2248 1106 2334 ὀφθαλμῶν,
1163 2246 1315 2314 λαοὶ
1361 2244 1417 2313 δ’
1469 2245 1576 2314 ἐπὶ
1621 2250 1782 2334 ἔργα
1825 2249 2264 2334 τράπωνται.“

336 2350 426 2433 ὧς
456 2351 686 2439 ἔφαθ’,
724 2355 795 2420 ol
826 2352 887 2420 δ’
923 2357 1052 2441 ἄρα
1077 2362 1199 2421 τοῦ
1227 2355 1400 2439 μάλα
1430 2351 1551 2439 μὲν
1581 2355 1787 2419 κλύον
1814 2351 1933 2437 ἠδὲ
1959 2357 2261 2421 πίθοντο.

248 2458 624 2547 ἐσσυμένως
668 2457 729 2526 δ’
783 2463 910 2547 ἄρα
958 2462 1211 2547 δόρπον
1257 2460 1774 2545 ἐφοπλίσσαντες
1820 2460 2079 2527 ἕκαστοι
2192 2477 2260 2527 55

249 2563 579 2649 δαίνυντ’,
626 2565 790 2633 οὐδέ
828 2589 894 2631 τι
935 2568 1156 2652 θυμὸς
1201 2566 1464 2634 ἐδεύετο
1513 2564 1736 2645 δαιτὸς
1782 2567 1978 2651 ε’ίσης.

247 2674 456 2761 αὐτὰρ
503 2670 641 2738 ἐπεὶ
683 2673 917 2749 πόσιος
958 2670 1069 2738 καὶ
1114 2672 1391 2756 ἐδητύος
1434 2671 1502 2753 ἐξ
1547 2676 1705 2760 ἔρον
1749 2672 1929 2756 ἕντο,

247 2780 320 2845 οἱ
359 2775 481 2864 μὲν
522 2781 933 2857 κακκείοντες
977 2781 1137 2863 ἔβαν
1182 2781 1522 2863 κλισίηνδε
1568 2779 1872 2863 ἕκαστος,

251 2882 583 2970 Πηλεΐδης
627 2881 689 2950 δ’
742 2882 847 2950 ἐπὶ
890 2882 1040 2951 θινὶ
1081 2888 1605 2970 πολυφλοίσβοιο
1650 2885 1992 2968 θαλάσσης

248 3001 424 3058 κεῖτο
468 2994 642 3077 βαρὺ
687 2991 1022 3075 στενάχων
1065 2989 1339 3057 πολέσιν
1383 2993 1544 3076 μετὰ
1587 2993 2139 3076 Μυρμιδόνεσσιν
2194 3010 2262 3059 60

250 3096 324 3162 ἐν
367 3103 665 3186 καθαρῷ,
712 3097 831 3162 ὅθι
873 3093 1106 3182 κύματ’
1158 3094 1258 3163 ἐπ’
1310 3097 1537 3180 ἠιόνος
1579 3099 1952 3176 κλύζεσκον.

250 3197 396 3268 εὖτε
438 3204 558 3269 τὸν
602 3202 813 3281 ὕπνος
858 3205 1161 3289 ἔμαρπτε,
1207 3202 1390 3269 λύων
1434 3204 1846 3289 μελεδήματα
1888 3210 2147 3290 θυμοῦ,
2181 3216 2187 3223 ’

249 3309 547 3395 νήδυμος
590 3307 1020 3393 ἀμφιχυθείς·
1065 3309 1238 3395 μάλα
1283 3309 1410 3395 γὰρ
1454 3309 1618 3394 κάμε
1663 3310 1949 3395 φαίδιμα
1991 3316 2149 3392 γυῖα

245 3412 506 3500 Ἕκτορ’
549 3413 884 3480 ἐπαΐσσων
927 3411 1121 3501 προτὶ
1149 3411 1361 3484 Ἴλιον
1407 3414 1847 3498 ἠνεμόεσσαν·

248 3515 418 3603 ἦλθε
465 3517 526 3585 δ’
573 3517 676 3586 ἐπὶ
721 3522 898 3605 ψυχὴ
945 3525 1372 3607 Πατροκλῆος
1418 3521 1663 3585 δειλοῖο
1914 3618 1945 3651 a·
2194 3527 2262 3576 65

334 3627 341 3631 ·
1837 3623 1903 3669 14
