2525 3884
233 143 359 209 168
1027 146 1329 209 ΙΛΙΑΔΟΣ
1366 146 1433 200 T.

230 283 373 354 ἀλλ’
423 290 541 372 ἄγε
588 290 669 374 δὴ
715 294 1046 355 Δαναοῖσι
1092 287 1633 375 φιλοπτολέμοισι
1675 290 1987 366 κελεύσας

229 405 362 460 τῶν
409 395 628 467 ἄλλων
682 396 928 481 Τρώων
971 398 1366 482 πειρήσομαι
1410 395 1634 473 ἀντίος
1677 395 1960 461 ἐλθών.“

319 495 361 584 ἦ
406 498 517 566 καὶ
562 499 670 566 ἐπὶ
703 495 937 587 ’στίχας
982 496 1174 585 ἆλτο,
1219 500 1445 567 κέλευε
1491 497 1565 566 δὲ
1610 498 1780 585 φωτὶ
1826 498 2103 589 ἑκάστω·

232 593 506 690 ,,μηκέτι
550 615 679 673 νῦν
731 609 979 692 Τρώων
1025 605 1172 684 ἑκὰς
1216 606 1472 688 ἕστατε,
1520 608 1654 672 δῖοι
1692 603 1965 692 Ἀχαιοί,

232 709 377 777 ἀλλ’
414 709 521 797 ἄγ’
555 712 723 798 ἀνὴρ
752 710 894 778 ἄντ’
931 712 1175 798 ἀνδρὸς
1204 719 1339 796 ἴτω,
1368 713 1631 798 μεμάτω
1662 709 1736 776 δὲ
1764 713 2109 797 μάχεσθαι.
2142 728 2284 779 355.

231 817 558 903 ἀργαλέον
605 816 685 898 δέ
726 821 846 903 μοί
885 817 1042 901 ἐστι,
1088 816 1199 884 καὶ
1246 820 1506 907 ἰφθίμῳ
1552 840 1674 903 περ
1722 819 1930 902 ἐόντι,

231 919 583 990 τοσσούσδ’
634 923 1035 1010 ἀνθρώπους
1082 923 1351 1009 ἐφέπειν
1394 921 1506 989 καὶ
1548 933 1709 990 πᾶσι
1751 924 2109 1009 μάχεσθαι·

233 1028 398 1096 οὐδέ
437 1027 500 1095 κ’
533 1028 766 1116 Ἄρης,
815 1031 889 1108 ὅς
930 1053 1053 1115 περ
1097 1032 1260 1109 θεὸς
1305 1032 1651 1117 ἄμβροτος,
1699 1030 1863 1097 οὐδέ
1893 1029 1953 1095 κ’
1990 1026 2269 1116 Ἀθήνη

228 1132 539 1221 τοσσῆσδ’
590 1136 872 1222 ὑσμίνης
917 1135 1148 1222 ἐφέποι
1193 1141 1403 1223 στόμα
1445 1135 1556 1203 καὶ
1598 1137 1933 1205 πονέοιτο·

148 1252 149 1255 ’
230 1237 373 1308 ἀλλ’
425 1244 629 1309 ὅσσον
674 1240 796 1328 μὲν
843 1242 970 1327 ἐγὼ
1019 1243 1306 1328 δύναμαι
1349 1245 1576 1329 χερσίν
1619 1266 1689 1310 τε
1732 1247 1931 1310 ποσίν
1975 1267 2045 1310 τε
2136 1262 2274 1310 360

228 1347 340 1413 καὶ
385 1348 644 1433 σθένει,
709 1350 791 1415 οὔ
837 1348 922 1434 μέ
960 1352 1032 1414 τί
1079 1373 1249 1434 φημι
1305 1347 1708 1434 μεθησέμεν,
1765 1348 1909 1415 οὐδ’
1970 1350 2260 1435 ἠβαιόν,

231 1454 394 1521 ἀλλὰ
438 1455 609 1540 μάλα
654 1456 872 1540 στιχὸς
917 1449 1048 1539 εἶμι
1094 1453 1472 1539 διαμπερές,
1521 1454 1683 1520 οὐδέ
1722 1450 1849 1519 τιν’
1901 1461 2019 1520 οἴω

237 1561 485 1647 Τρώων
529 1564 887 1647 χαιρήσειν,
935 1561 1008 1637 ὅς
1051 1584 1150 1638 τις
1178 1561 1434 1646 σχεδὸν
1480 1563 1703 1647 ἔγχεος
1748 1563 1977 1646 ἔλθῃ.“

320 1662 407 1745 ὧς
453 1664 606 1751 φάτ’
660 1667 1071 1751 ἐποτρύνων·
1125 1668 1421 1752 Τρώεσσι
1470 1664 1543 1732 δὲ
1589 1668 1905 1752 φαίδιμος
1932 1666 2191 1754 Ἕκτωρ

228 1768 489 1838 κέκλεθ’
540 1772 941 1857 ὁμοκλήσας,
989 1772 1159 1856 φάτο
1200 1769 1261 1836 δ’
1298 1778 1565 1858 ἴμμεναι
1600 1769 1749 1838 ἀντ’
1787 1767 2106 1858 Ἀχιλῆος·
2137 1789 2253 1840 365

230 1883 500 1966 »Τρῶες
543 1876 950 1963 ὑπέρθυμοι,
997 1879 1084 1962 μὴ
1135 1879 1376 1943 δείδιτε
1420 1881 1792 1961 Πηλεΐωνα.

232 1990 350 2051 καί
387 2010 503 2053 κεν
550 1985 721 2069 ἐγὼν
768 1983 1025 2050 ἐπέεσσι
1069 1981 1180 2049 καὶ
1224 1983 1621 2050 ἀθανάτοισι
1666 1988 2021 2070 μαχοίμην·

233 2095 411 2177 ἔγχει·
452 2086 515 2158 δ’
567 2089 913 2178 ἀργαλέον,
962 2087 1099 2156 ἐπεὶ
1144 2086 1184 2173 ἦ
1229 2093 1401 2155 πολὺ
1448 2089 1761 2175 φέρτεροί
1798 2092 1985 2156 εἰσιν.

232 2194 384 2283 οὐδ’
429 2192 718 2283 Ἀχιλεὺς
761 2198 1074 2264 πάντεσσι
1118 2195 1305 2273 τέλος
1349 2197 1596 2281 μύθοις
1637 2195 1968 2281 ἐπιθήσει,

231 2303 397 2369 ἀλλά
439 2305 514 2369 τὸ
562 2301 684 2388 μὲν
727 2301 960 2387 τελέει,
1005 2304 1080 2369 τὸ
1128 2300 1203 2368 δὲ
1245 2300 1358 2368 καὶ
1402 2304 1698 2386 μεσσηγὺ
1740 2303 2023 2368 κολούει.
2138 2320 2266 2370 370·

229 2418 322 2498 τῷ
372 2406 432 2474 δ’
487 2409 613 2493 ἐγὼ
660 2409 884 2487 ἀντίος
928 2404 1088 2494 εἶμι,
1134 2406 1244 2474 καὶ
1292 2411 1353 2475 εἰ
1393 2406 1555 2494 πυρὶ
1599 2419 1821 2493 χεῖρας
1866 2411 2108 2490 ἔοικεν,

233 2517 296 2581 εἰ
335 2513 496 2601 πυρὶ
539 2525 760 2600 χεῖρας
805 2518 1006 2598 ἔοικε,
1055 2513 1254 2600 μένος
1300 2509 1361 2580 δ’
1414 2521 1660 2580 αἴθωνι
1701 2514 2021 2602 σιδήρω.“

322 2616 410 2699 ὧς
455 2618 606 2706 φάτ’
661 2620 1074 2705 ἐποτρύνων,
1122 2622 1193 2686 ol*
1231 2618 1295 2686 δ’
1348 2619 1564 2686 ἀντίοι
1608 2616 1775 2706 ἔγχε’
1826 2621 2057 2705 ἄειραν

239 2732 483 2814 Τρῶες·
528 2738 662 2793 τῶν
710 2723 771 2791 δ’
824 2728 1061 2810 ἄμυδις
1106 2730 1313 2812 μίχθη
1360 2726 1577 2812 μένος,
1625 2723 1796 2813 ὦρτο
1843 2724 1905 2791 δ’
1957 2725 2141 2809 ἀυτή.

233 2832 341 2900 καὶ
368 2831 501 2901 τότ’
537 2832 648 2922 ἄρ’
667 2832 949 2920 Ἕκτορα
976 2827 1114 2898 εἶπε
1132 2835 1469 2919 παραστὰς
1490 2837 1737 2917 Φοῖβος
1748 2829 2107 2898 Ἀπόλλων·
2136 2846 2264 2898 375-

233 2939 520 3027 ,ζῈκτορ,
566 2939 792 3026 μηκέτι
828 2939 1097 3024 πάμπαν
1134 2936 1423 3024 ’Λχιλλῆι
1464 2939 1845 3025 προμάχιζε,

235 3046 399 3112 ἀλλὰ
443 3049 605 3113 κατὰ
649 3047 921 3130 πληθύν
965 3069 1037 3111 τε
1080 3042 1189 3110 καὶ
1235 3045 1307 3111 ἐκ
1352 3049 1702 3130 φλοίσβοιο
1749 3043 2007 3127 δέδεξο,

236 3155 324 3237 μή
370 3154 507 3230 πώς
551 3150 618 3219 σ’
669 3150 746 3238 ἠὲ
791 3152 960 3238 βάλῃ
1007 3148 1084 3236 ἠὲ
1129 3153 1368 3236 σχεδὸν
1413 3153 1565 3238 ἄορι
1606 3152 1848 3238 τύψῃ.“

324 3254 414 3337 ὧς
457 3257 689 3346 ἔφαθ’,
718 3257 970 3342 Ἕκτωρ
1008 3252 1072 3323 δ’
1115 3253 1301 3336 αὖτις
1337 3258 1606 3324 ἐδύσετο
1644 3257 1939 3342 οὐλαμὸν
1975 3256 2246 3342 ἀνδρῶν

235 3368 597 3452 ταρβήσας,
645 3362 738 3432 ὅτ’
792 3367 1034 3431 ἄκουσε
1077 3371 1247 3430 θεοῦ
1293 3365 1422 3429 ὄπα
1468 3364 1918 3448 φωνήσαντος.
2138 3378 2246 3428 380

145 3509 147 3511 ·
186 3531 198 3546 ,
236 3471 311 3538 ἐν
358 3471 418 3538 δ’
465 3470 754 3558 Ἀχιλεὺς
804 3472 1100 3560 Τρώεσσι
1142 3473 1332 3556 θόρε,
1380 3468 1618 3557 φρεσὶν
1664 3469 1918 3554 εἱμένος
1961 3450 2197 3553 ἀλκήν,
