2525 3884
233 151 317 216 18
1023 151 1323 203 ΙΔῙΑΔΟΣ
1359 152 1425 204 Ν.

232 297 451 379 ἔσχεν,
497 294 533 360 ὁ
583 292 644 359 δ’
699 294 772 359 ἐν
815 296 1077 379 κονίῃσι
1122 294 1343 358 πεσὼν
1388 291 1493 358 ἕλε
1536 303 1736 375 γαῖαν
1782 292 2058 380 ἀγοστῷ.
2135 308 2247 358 520

321 397 466 464 οὐδ’
520 401 648 485 ἄρα
692 401 793 465 πώ
838 423 901 463 τι
946 397 1236 464 πέπυστο
1284 400 1607 482 βριήπυος
1652 396 2166 483 ὄβριμοςἌρης·

231 496 378 581 υἷος
425 503 559 570 ἑοῖο
606 508 922 581 πεσόντος
966 503 1066 570 ἐνὶ
1091 512 1389 595 ,κρατερῇ
1433 503 1712 588 ὑσμίνῃ,

234 607 375 676 ἀλλ’
429 612 464 676 ὄ
509 610 572 694 γ’
625 610 731 695 ἄρ’
786 613 963 698 ἄκρῳ
1003 606 1301 697 Ὀλύμπῳ
1356 610 1485 681 ὑπὸ
1540 607 1878 694 χρυσέοισι
1923 608 2249 694 νέφεσσιν

237 711 421 800 ἧστο,
469 718 636 793 Διὸς
681 720 1000 800 βουλῇσιν
1047 714 1370 799 ἐελμένος,
1419 718 1586 780 ἔνθα
1631 737 1752 800 περ
1800 716 1987 781 ἄλλοι

235 821 559 887 ἀθάνατοι
602 821 754 889 θεοὶ
799 817 969 904 ἦσαν
1015 821 1392 907 ἐεργόμενοι
1420 820 1775 905 πολέμοιο·
2140 835 2251 886 525

237 928 307 992 οἱ
347 926 407 992 δ’
461 925 621 1013 ἀμφ’
669 926 1055 1014 Ἀσκαλάφῳ
1104 927 1509 1011 αὐτοσχεδὸν
1556 927 1982 1013 ὡρμήθησαν.

237 1036 588 1118 Δηίφοβος
633 1031 754 1117 μὲν
800 1028 916 1098 ἀπ’
962 1031 1382 1117 Ἀσκαλάφου
1426 1035 1684 1115 πήληκα
1729 1033 2011 1118 φαεινὴν

234 1141 505 1225 ἥρπασε,
551 1142 902 1224 Μηριόνης
948 1136 1022 1203 δὲ
1056 1145 1202 1227 θοῷ
1242 1138 1601 1215 ἀτάλαντος
1629 1137 1824 1224 ’Ἀρηι

238 1243 431 1330 δουρὶ
476 1247 795 1330 βραχίονα
839 1247 1046 1323 τύψεν
1091 1244 1471 1329 ἐπάλμενος,
1517 1243 1588 1309 ἐκ
1635 1241 1700 1308 δ’
1752 1246 1879 1328 ἄρα
1922 1245 2138 1330 χειρὸς

237 1351 525 1427 αὐλῶπις
567 1352 931 1437 τρυφάλεια
974 1349 1172 1435 χαμαὶ
1219 1354 1512 1435 βόμβησε
1555 1358 1866 1415 πεσοῦσα.
2140 1364 2248 1414 530

240 1458 588 1542 Μηριόνης
634 1454 695 1521 δ’
749 1455 1002 1535 ἐξαῦτις
1046 1456 1435 1541 ἐπάλμενος,
1484 1458 1799 1545 αἰγυπιὸς
1829 1456 1945 1539 ὥς,

238 1559 498 1646 ἐξέρυσε
542 1573 871 1646 πρυμνοῖο
917 1565 1269 1646 βραχίονος
1313 1563 1591 1649 ὄβριμον
1639 1565 1855 1646 ἔγχος,
2037 1552 2042 1559 ’

238 1665 330 1746 ἂψ
377 1664 436 1731 δ’
491 1665 739 1753 ἑτάρων
784 1669 876 1743 εἰς
921 1670 1121 1744 ἔθνος
1166 1667 1440 1752 ἐχάζετο.
1530 1669 1647 1733 τὸν
1695 1664 1769 1732 δὲ
1816 1670 2103 1750 Πολίτης
2201 1680 2209 1686 ’
2315 1739 2322 1746 ,

239 1773 811 1856 αὐτοκασίγνητος,
856 1771 1006 1858 περὶ
1051 1770 1271 1860 μέσσῳ
1317 1784 1491 1859 χεῖρε
1538 1775 1829 1856 τιτήνας,

239 1876 465 1962 ἐξῆγεν
507 1877 821 1962 πολέμοιο
869 1877 1208 1963 δυσηχέος,
1255 1873 1416 1964 ὄφρ’
1468 1876 1637 1943 ἵκεθ’
1694 1879 1934 1955 ἵππους
2136 1881 2241 1943 535

242 1982 467 2066 ὠκέας,
516 1984 587 2049 οἵ
627 1985 696 2049 οῖ
736 1985 975 2049 ὄπισθε
1023 1985 1230 2069 μάχης
1274 1982 1392 2067 ἠδὲ
1437 1982 1787 2067 πτολέμοιο

239 2089 521 2155 ἕστασαν
565 2090 838 2175 ἡνίοχόν
883 2113 953 2154 τε
997 2088 1105 2154 καὶ
1152 2090 1406 2175 δέρματα
1451 2084 1690 2155 ποικίλ’
1742 2092 2023 2174 ἔχοντες·

243 2199 313 2260 οἳ
351 2198 469 2260 τόν
513 2219 588 2278 γε
632 2193 825 2280 προτὶ
870 2197 1034 2261 ἄστυ
1080 2194 1292 2280 φέρον
1337 2193 1543 2280 βαρέα
1589 2196 2013 2280 στενάχοντα,

237 2304 645 2388 τειρόμενον
692 2303 854 2366 κατὰ
900 2300 961 2366 δ’
1014 2293 1171 2386 αἷμα
1215 2301 1575 2366 νεουτάτου
1613 2303 1793 2386 ἔρρεε
1838 2303 2068 2385 χειρός.

328 2409 399 2472 oc
430 2405 491 2471 δ’
526 2408 715 2471 ἄλλοι
751 2408 1121 2493 μάρναντο,
1169 2409 1293 2491 βοὴ
1333 2402 1394 2472 δ’
1431 2408 1746 2490 ἄσβεστος
1793 2406 2089 2492 ὀρώρειν.
2139 2423 2243 2474 540

240 2515 512 2588 Αἰνείας
557 2509 617 2576 δ’
664 2506 957 2598 Ἀφαρῆα
1002 2515 1467 2597 Καλητορίδην
1512 2513 1879 2598 ἐπορούσας

240 2620 478 2703 λαιμὸν
519 2614 698 2700 τύψ’,
746 2608 850 2683 ἐπὶ
897 2609 967 2683 οἷ
1005 2617 1480 2704 τετραμμένον,
1529 2617 1661 2696 ὀξέι
1708 2602 1927 2701 δουρί·

243 2725 515 2807 ἐκλίνθη
563 2720 622 2787 δ’
677 2721 949 2809 ἑτέρωσε
992 2723 1194 2808 κάρη,
1243 2722 1348 2789 ἐπὶ
1394 2720 1454 2788 δ’
1509 2722 1702 2801 ἀσπὶς
1748 2723 1968 2809 ἑάφθη

239 2828 350 2895 καὶ
393 2832 622 2915 κόρυς,
670 2827 838 2914 ἀμφὶ
884 2827 963 2894 δέ
1005 2830 1074 2894 οί
1112 2829 1406 2907 θάνατος
1448 2830 1608 2914 χύτο
1653 2833 2119 2915 θυμοραϊστής.

237 2930 605 3020 Ἀντίλοχος
651 2932 723 2999 δὲ
771 2937 1007 3000 Θόωνα
1051 2933 1627 3020 μεταστρεφθέντα
1665 2936 2009 3013 ,δοκεύσας
2139 2951 2243 3002 545

244 3038 468 3106 οὔτασ’
521 3038 806 3124 ἐπαΐξας,
852 3040 978 3105 ἀπὸ
1025 3037 1097 3105 δὲ
1145 3039 1357 3124 φλέβα
1401 3050 1617 3106 πᾶσαν
1662 3043 1953 3126 ἔκερσεν,

242 3148 284 3230 ἥ
327 3141 387 3210 τ’
438 3146 565 3211 ἀνὰ
614 3156 786 3210 νῶτα
830 3145 1084 3211 θέουσα
1132 3144 1482 3233 διαμπερὲς
1526 3145 1748 3231 αὐχέν’
1802 3146 2035 3213 ἱκάνει·

251 3253 374 3336 τὴν
412 3251 539 3317 ἀπὸ
585 3260 804 3317 πᾶσαν
849 3255 1144 3337 ἔκερσεν,
1192 3252 1228 3318 ὁ
1276 3248 1336 3317 δ’
1387 3253 1615 3330 ὕπτιος
1660 3252 1733 3318 ἐν
1775 3254 2080 3337 κονίῃσιν

243 3359 600 3441 κάππεσεν,
649 3360 844 3442 ἄμφω
891 3369 1063 3442 χεῖρε
1109 3362 1331 3443 φίλοις
1376 3357 1663 3442 ἑτάροισι
1705 3359 2043 3434 πετάσσας.

246 3459 702 3550 Ἀντίλοχοςδ
738 3464 1055 3552 ἐπόρουσε
1082 3462 1191 3530 καὶ
1227 3470 1456 3530 αἴνυτο
1493 3459 1700 3547 τεύχε’
1736 3462 1844 3528 ἀπ’
1882 3464 2079 3548 ὤμων
2142 3468 2247 3530 550
