2525 3884
1054 203 1356 254 ῙΛΙΑΔοΣ
1392 204 1541 257 xm
2217 200 2299 264 13

288 339 440 426 ᾔτεε
483 338 558 407 δὲ
602 342 934 427 Πριάμοιο
977 349 1337 430 θυγατρῶν
1382 339 1558 421 εἶδος
1601 345 1878 430 ἀρίστην
2195 360 2298 410 365

289 447 743 532 Κασσάνδρην
788 448 1138 532 ἀνάεδνον,
1183 449 1499 534 ὑπέσχετο
1547 446 1622 516 δὲ
1666 451 1831 534 μέγα
1876 454 2104 536 ἔργον,

295 552 370 618 ἐκ
421 554 664 638 Τροίης
708 552 1021 632 ἀέκοντας
1064 554 1407 640 ἀπωσέμεν
1450 547 1600 632 υἷας
1627 552 1922 640 Ἀχαιῶν.

288 666 383 746 τῷ
430 654 491 723 δ’
544 657 581 724 6
623 657 841 744 γέρων
879 663 1182 746 Πρίαμος
1215 660 1348 727 ὑπό
1391 657 1452 726 τ’
1496 664 1717 746 ἔσχετο
1761 658 1871 726 καὶ
1904 658 2297 726 κατένευσεν

293 762 686 849 δωσέμεναι·
732 765 768 831 6
817 761 890 831 δὲ
935 763 1227 851 μάρναθ’
1279 766 1711 852 ὑποσχεσίῃσι
1752 768 2059 849 πιθήσας.

282 867 654 955 Ἰδομενεὺς
698 869 759 934 δ’
812 871 1038 936 αὐτοῖο
1082 871 1417 938 τιτύσκετο
1465 868 1661 957 δουρὶ
1705 872 1993 960 φαεινῷ,
2186 886 2293 937 370

290 974 404 1041 καὶ
449 976 651 1059 βάλεν
695 976 817 1054 ὕψι
861 976 1140 1059 βιβάντα
1183 977 1431 1061 τυχών·
1478 973 1623 1043 οὐδ’
1674 979 1909 1061 ἤρκεσε
1952 974 2183 1063 θώρηξ

288 1083 581 1167 χάλκεος,
627 1079 707 1145 ὃν
752 1079 1088 1165 φορέεσκε,
1136 1080 1300 1167 μέσῃ
1349 1079 1409 1148 δ’
1463 1082 1537 1149 έν
1580 1081 1848 1167 γαστέρι
1890 1080 2111 1165 πῆξεν.

289 1188 629 1270 δούπησεν
674 1182 750 1251 δὲ
791 1186 1040 1250 πεσών·
1086 1185 1123 1252 6
1170 1180 1233 1251 δ’
1286 1186 1596 1266 ἐπεύξατο
1642 1186 1955 1272 φώνησέν
1996 1207 2092 1253 τε·

286 1292 717 1379 ,,Ὀθρυονεῦ,
761 1289 911 1376 περὶ
957 1292 1041 1373 δή
1086 1307 1161 1356 σε
1205 1295 1465 1377 βροτῶν
1510 1291 1789 1377 αἰνίζομ’
1841 1292 2173 1376 ἁπάντων,

287 1403 355 1466 εἰ
393 1401 575 1480 ἐτεὸν
621 1399 703 1482 δὴ
746 1396 959 1462 πάντα
1001 1400 1427 1481 τελευτήσεις,
1474 1396 1573 1465 ὅσ’
1627 1398 1909 1482 ὑπέστης
2182 1414 2286 1464 375

288 1506 682 1591 Δαρδανίδῃ
730 1503 1035 1591 Πριάμῳ·
1083 1501 1119 1569 6
1169 1493 1230 1567 δ’
1280 1502 1596 1588 ὑπέσχετο
1642 1502 1979 1589 θυγατέρα
2023 1503 2127 1586 ήν.

286 1616 406 1678 καί
440 1610 519 1677 κέ
556 1633 661 1675 τοι
703 1608 888 1694 ἡμεῖς
930 1609 1136 1675 ταῦτά
1177 1602 1242 1692 γ’
1292 1609 1736 1696 ὑποσχόμενοι
1778 1608 2176 1693 τελέσαιμεν,

289 1718 521 1802 δοῖμεν
567 1712 628 1781 δ’
674 1711 1010 1801 Ἀτρεΐδαο
1053 1720 1415 1800 θυγατρῶν
1461 1711 1638 1793 εἶδος
1680 1716 1985 1802 ἀρίστην,
2049 1734 2060 1743 ·

286 1816 549 1907 Ἄργεος
594 1818 1040 1904 ἐξαγαγόντες,
1088 1819 1421 1905 ὀπυιέμεν,
1468 1827 1537 1887 εἴ
1569 1845 1643 1887 κε
1687 1824 1815 1886 σὺν
1859 1821 2066 1905 ἄμμιν

271 1928 482 1993 Ἴλιον
527 1925 863 2011 ἐκπέρσῃς,
911 1926 987 1992 έὺ
1029 1927 1389 2010 ναιόμενον
1432 1930 1851 2013 πτολίεθρον.
2191 1942 2292 1991 380

291 2028 432 2098 ἀλλ’
480 2032 666 2114 ἕπευ,
714 2026 869 2117 ὄφρ’
921 2029 1028 2098 ἐπὶ
1070 2029 1271 2115 νηυσὶ
1314 2034 1675 2119 συνώμεθα
1718 2034 2237 2117 ποντοπόροισιν

290 2136 458 2223 ἀμφὶ
499 2139 717 2225 γάμῳ,
765 2135 905 2204 ἐπεὶ
949 2138 1032 2203 οὔ
1076 2161 1179 2204 τοι
1225 2137 1539 2205 ἐεδνωταὶ
1580 2142 1779 2204 κακοί
1819 2140 2063 2223 εἰμεν.“

376 2238 465 2320 ὧς
508 2244 711 2309 εἰπὼν
754 2245 960 2322 ποδὸς
1004 2242 1149 2309 ἕλκε
1192 2246 1356 2310 κατὰ
1399 2245 1726 2329 κρατερὴν
1771 2245 2058 2330 ὑσμίνην

288 2351 462 2436 ἥρως
498 2343 887 2433 Ἰδομενεύς·
931 2358 1021 2438 τῷ
1069 2345 1129 2414 δ’
1163 2347 1392 2426 ’Ἀσιος
1434 2344 1646 2433 ἦλθεν
1690 2350 2000 2436 ἀμύντωρ

289 2458 474 2536 πεζὸς
515 2452 757 2538 πρόσθ’
810 2456 1053 2520 ἵππων·
1098 2454 1188 2519 τὼ
1236 2450 1312 2519 δὲ
1347 2457 1646 2522 πνείοντε
1689 2451 1831 2521 κατ’
1884 2457 2083 2540 ὤμων
2180 2472 2285 2524 385

290 2558 436 2627 αἰὲν
480 2554 572 2646 ἔχ’
622 2559 888 2645 ἡνίοχος
930 2560 1274 2644 θεράπων·
1322 2558 1358 2625 6
1407 2555 1479 2625 δὲ
1525 2560 1659 2626 ἵετο
1704 2567 1902 2649 θυμῷ

290 2669 620 2752 ιδομενῆα
663 2670 916 2750 βαλεῖν·
961 2663 997 2731 6
1046 2664 1126 2730 δέ
1165 2688 1282 2749 μιν
1326 2665 1673 2749 φθάμενος
1714 2666 1874 2750 βάλε
1921 2664 2115 2753 δουρὶ

288 2774 524 2858 λαιμὸν
567 2768 679 2836 ὑπ’
732 2772 1145 2858 ἀνθερεῶνα,
1195 2772 1433 2856 διαπρὸ
1482 2768 1556 2837 δὲ
1599 2773 1844 2856 χαλκὸν
1889 2776 2183 2840 ἔλασσεν.

273 2881 478 2966 νἤριπε
525 2875 615 2962 δ’,
661 2878 750 2955 ὡς
795 2878 902 2943 ὅτε
944 2899 1045 2953 τις
1089 2877 1252 2963 δρῦς
1296 2878 1531 2959 ἤριπεν
1577 2876 1619 2960 ἢ
1665 2877 1939 2964 ἀχερωὶς

285 2982 361 3069 ἠὲ
403 2987 595 3062 πίτυς
637 2984 943 3070 βλωθρή,
988 2984 1111 3066 τήν
1154 2978 1211 3047 τ’
1266 2984 1496 3069 οὔρεσι
1538 2983 1835 3061 τέκτονες
1880 2986 2117 3073 ἄνδρες
2181 3005 2284 3055 390

287 3091 596 3177 ἐξέταμον
637 3088 977 3157 πελέκεσσι
1020 3090 1284 3172 νεήκεσι
1327 3091 1522 3173 νήιον
1567 3084 1763 3156 εἶναι·

287 3193 374 3275 ὧς
419 3197 455 3265 6
499 3195 744 3283 πρόσθ’
797 3197 1015 3261 ’ἵππων
1056 3193 1168 3261 καὶ
1214 3197 1462 3282 δίφρου
1505 3206 1681 3262 κεῖτο
1725 3199 2103 3282 τανυσθείς,

100 3303 111 3315 ’
206 3340 224 3365 a
285 3304 620 3389 βεβρυχὼς
662 3305 885 3381 κόνιος
931 3299 1376 3388 δεδραγμένος
1421 3302 1869 3388 αἱματοέσσης.

174 3474 199 3493 ,,
286 3409 357 3474 ἐκ
401 3408 480 3475 δέ
520 3410 592 3475 oc
629 3408 896 3493 ἡνίοχος
937 3408 1152 3489 πλήγη
1199 3405 1477 3491 φρένας,
1525 3407 1602 3484 ἃς
1644 3409 1852 3492 πάρος
1897 3404 2104 3490 εἶχεν,

290 3508 437 3579 οὐδ’
487 3515 524 3581 ὅ
567 3512 633 3599 γ’
687 3514 1045 3599 ἐτόλμησεν
1090 3512 1301 3594 δηίων
1345 3512 1474 3576 ὑπὸ
1520 3523 1741 3594 χεῖρας
1785 3510 2027 3585 ἀλύξας
2185 3522 2287 3569 395
