2525 3884
946 172 1247 225 ῐΔῙΑΔοΣ
1283 175 1479 229 xvm.
2089 172 2216 236 139

168 322 428 377 τοῖσιν
475 311 668 379 ἔπειτ’
720 315 988 396 ῆισσον,
1035 313 1384 398 ἀμοιβηδὶς
1429 313 1503 380 δὲ
1549 317 1833 396 δίκαζον.

170 429 376 483 κεῖτο
433 416 492 484 δ’
533 417 638 506 ἄρ’
682 420 758 485 ἐν
803 417 1103 503 μέσσοισι
1149 421 1288 486 δύω
1333 432 1606 507 χρυσοῖο
1651 424 1968 506 τάλαντα,

56 572 69 593 ,
169 525 274 611 τῷ
335 527 576 610 δόμεν,
624 525 698 602 ὃς
742 527 903 609 μετὰ
945 537 1116 591 τοῖσι
1164 528 1359 612 δίκην
1406 529 1728 592 ἰθύντατα
1776 535 1966 594 εἴποι.

271 632 412 714 τὴν
459 627 522 696 δ’
565 629 798 714 ἑτέρην
842 633 1039 697 πόλιν
1084 631 1253 717 ἀμφὶ
1310 634 1449 699 δύω
1499 633 1765 719 στρατοὶ
1811 635 1986 699 εἴατο
2034 639 2215 699 λαῶν

171 738 456 821 τεύχεσι
510 739 937 822 λαμπόμενοι.
1037 740 1189 823 δίχα
1243 738 1324 804 δέ
1372 756 1607 824 σφισιν
1669 741 1916 824 ἥνδανε
1975 744 2213 824 βουλή,

106 840 260 924 ἠὲ
315 843 759 928 διαπραθέειν
793 843 835 928 ἢ
881 845 1119 929 ανδιχα
1163 845 1375 910 πάντα
1422 846 1791 931 δάσασθαι,
2110 863 2209 911 511

176 959 431 1033 κτῆσιν
479 951 645 1032 ὅσην
690 953 1093 1036 πτολίεθρον
1137 950 1464 1038 ἐπήρατον
1510 953 1695 1030 ἐντὸς
1741 955 1991 1039 ἔεργεν·

181 1055 258 1119 οἰ
305 1049 376 1120 δ’
418 1056 503 1121 οὔ
546 1078 648 1121 πω
692 1060 1046 1139 πείθοντο,
1092 1059 1265 1145 λόχω
1315 1054 1376 1122 δ’
1421 1058 2000 1144 ὑπεθωρήσσοντο.

182 1171 412 1246 τεῖχος
456 1160 583 1247 μέν
627 1159 690 1247 ῤ’
735 1163 973 1246 ἄλοχοί
1010 1184 1079 1227 τε
1125 1166 1318 1247 φίλαι
1362 1162 1471 1253 καὶ
1514 1168 1718 1247 νήπια
1761 1164 1958 1231 τέκνα

185 1264 387 1350 ῥύατ’
433 1268 855 1352 ἐφεσταότες,
901 1270 1061 1352 μετὰ
1108 1263 1170 1332 δ’
1213 1270 1471 1353 ἀνέρες,
1519 1270 1637 1346 οὓς
1682 1272 1787 1355 ἔχε
1829 1278 2061 1354 γῆρας·
2110 1285 2211 1335 515

188 1373 263 1437 οἰ
308 1369 374 1437 δ’
411 1378 591 1438 ἴσαν·
628 1369 787 1459 ἦρχε
826 1367 888 1438 δ’
921 1374 1049 1457 ἄρα
1078 1389 1241 1459 σφιν
1269 1373 1474 1457 ’Ἀρης
1500 1372 1611 1439 καὶ
1640 1377 1909 1452 Παλλὰς
1931 1371 2211 1460 Ἀθήνη,

190 1479 401 1563 αμφω
448 1482 764 1564 χρυσείω,
809 1480 1082 1563 χρύσεια
1130 1478 1203 1545 δὲ
1249 1481 1480 1565 ειματα
1526 1481 1767 1565 ἕσθην,

191 1585 380 1650 καλω
425 1582 535 1650 καὶ
581 1586 870 1669 μεγάλω,
919 1587 1046 1650 σὺν
1092 1587 1419 1671 τεύχεσιν,
1469 1588 1557 1665 ως
1600 1611 1670 1655 τε
1714 1589 1853 1655 θεω
1898 1610 2052 1674 περ,

194 1688 408 1776 ἀμφὶς
449 1691 761 1776 ἀριζήλω·
807 1690 958 1757 λαοὶ
1005 1689 1066 1756 δ’
1092 1690 1566 1781 ὑπῗ-ὀλίζονες
1573 1690 1846 1825 1Γῆσανῐῇ
1921 1766 1976 1795 k

198 1798 273 1863 οἰ
317 1791 374 1862 δ’
399 1797 506 1863 ὅτε
552 1798 634 1880 δή
680 1791 742 1881 ῤ’
783 1797 1046 1880 ἵκανον,
1095 1798 1213 1863 ὅθι
1257 1803 1491 1884 σφίσιν
1537 1796 1667 1868 εἷκε
1712 1766 2014 1887 λοχῆσαι,
2108 1816 2211 1865 520

200 1904 277 1970 ἐν
323 1912 620 1992 ποταμω,
669 1903 785 1968 ὅθι
827 1900 890 1967 τ’
935 1903 1183 1990 ἀρδμὸς
1227 1907 1347 1988 ἔην
1390 1908 1705 1973 πάντεσσι
1749 1912 2078 1992 βοτοῖσιν,

202 2004 358 2076 ἔνθ’
399 2011 525 2093 ἄρα
569 2011 681 2075 τοί
717 2005 780 2092 γ’
824 2004 1025 2088 ἵζοντ’
1067 2010 1402 2094 εἰλυμένοι
1446 2017 1682 2077 αἴθοπι
1724 2017 1962 2099 χαλκῷ.

201 2126 377 2181 τοῖσι
420 2110 481 2181 δ’
524 2111 720 2180 ἔπειτ’
764 2114 1102 2182 ἀπάνευθε
1149 2117 1289 2181 δύω
1336 2113 1571 2181 σκοποὶ
1608 2116 1782 2181 εἵατο
1829 2121 2009 2181 λαῶν

209 2220 538 2305 δέγμενοι,
587 2219 830 2286 ὁππότε
874 2225 1047 2304 μῆλα
1092 2222 1346 2287 ἰδοίατο
1393 2219 1504 2286 καὶ
1548 2221 1765 2299 ἕλικας
1809 2224 1988 2303 βοῦς.

212 2328 283 2393 οἱ
322 2323 391 2392 δὲ
432 2326 594 2410 τάχα
627 2323 1067 2409 προγένοντο,
1107 2327 1246 2391 δύω
1287 2323 1349 2390 δ’
1392 2323 1503 2410 ἅμ’
1547 2325 1784 2393 ἕποντο
1821 2337 2062 2413 νομῆες
2105 2344 2208 2396 525

210 2434 589 2518 τερπόμενοι
632 2429 920 2517 σύριγξι·
967 2432 1170 2496 δόλον
1217 2428 1279 2496 δ’
1326 2431 1407 2497 οὔ
1451 2454 1515 2497 τι
1558 2434 1958 2518 προνόησαν.

215 2539 285 2603 οἰ
321 2536 434 2622 μὲν
475 2539 556 2603 τὰ
598 2539 986 2624 προϊδόντες
1030 2535 1432 2624 ἐπέδραμον,
1480 2534 1619 2604 ὦκα
1664 2535 1724 2603 δ’
1769 2541 1989 2605 ἔπειτα

213 2636 508 2728 τάμνοντ’
550 2641 720 2728 ἀμφὶ
764 2647 943 2726 βοῶν
990 2642 1225 2726 ἀγέλας
1270 2642 1381 2709 καὶ
1424 2645 1603 2711 πώεα
1647 2647 1813 2711 καλὰ
1909 2686 1915 2695 ·

219 2745 542 2833 ἀργεννῶν
588 2748 780 2831 ὀίων,
826 2758 1088 2815 κτεῖνον
1134 2744 1196 2814 δ’
1239 2747 1347 2815 ἐπὶ
1390 2755 1863 2837 μηλοβοτῆρας.

221 2855 288 2918 οἰ
334 2848 393 2918 δ’
430 2855 518 2932 ὡς
570 2849 696 2919 οὖν
749 2854 1082 2921 ἐπύθοντο
1137 2857 1351 2920 πολὺν
1402 2856 1686 2922 κέλαδον
1739 2858 1916 2942 παρὰ
1968 2855 2208 2939 βουσὶν

56 3034 61 3043 ‚
168 2995 173 3000 ·
224 2958 447 3046 εἰράων
486 2960 904 3046 προπάροιθε
947 2962 1347 3045 καθήμενοι,
1394 2958 1605 3026 αὐτίκ’
1648 2959 1754 3046 ἐφ’
1798 2962 2015 3027 ’ἵππων
2104 2979 2204 3028 531
2265 3012 2270 3017 -

225 3066 435 3150 βάντες
477 3065 890 3152 ἀερσιπόδων
936 3068 1363 3150 μετεκίαθον,
1410 3061 1573 3145 αἶψα
1620 3065 1685 3131 δ’
1729 3067 1970 3133 ἵκοντο.

227 3171 596 3256 στησάμενοι
650 3168 713 3237 δ’
758 3172 1077 3256 ἐμάχοντο
1131 3171 1347 3255 μάχην
1405 3183 1723 3256 ποταμοῖο
1769 3171 1923 3259 παρ’
1968 3175 2205 3257 ὄχθας,

227 3278 444 3361 βάλλον
490 3275 552 3343 δ’
596 3277 920 3362 ἀλλήλους
962 3278 1359 3363 χαλκήρεσιν
1406 3277 1750 3364 ἐγχείῃσιν.

229 3383 295 3449 ἐν
336 3379 389 3447 δ’
425 3382 638 3468 ”Ερις,
687 3383 762 3449 ἐν
799 3379 873 3449 δὲ
916 3383 1257 3467 Κυδοιμὸς
1294 3381 1591 3467 ὁμίλεον,
1638 3385 1711 3450 έν
1750 3382 1812 3449 δ’
1856 3385 2013 3468 ὀλοὴ
2058 3385 2206 3470 Κὴρ

183 3544 188 3548 .
229 3489 405 3555 ἄλλον
446 3489 611 3568 ζωὸν
657 3490 898 3573 ἔχουσα
942 3489 1331 3572 νεούτατον,
1379 3489 1583 3553 ἄλλον
1629 3491 1903 3568 ἄουτον,
2102 3505 2205 3554 536
2334 3504 2342 3513 ’
