2525 3884
319 176 407 255 82
1114 176 1416 228 1A1AA02
1452 176 1523 229 11.

317 318 596 405 πρηνέες
639 318 705 397 ἐξ
751 316 989 402 ὀχέων,
1039 320 1271 403 δίφροι
1317 314 1378 383 δ’
1427 318 2007 403 ἀνεκυμβαλίαζον.

319 426 628 511 ἀντικρὺς
674 421 735 490 δ’
779 425 907 509 ἄρα
951 423 1208 509 τάφρον
1252 422 1637 509 ὑπέρθορον
1684 422 1880 501 ὠκέες
1925 425 2112 490 ’ἵπποι
2211 441 2331 490 380

322 533 698 616 [ἄμβροτοι,
745 530 865 606 οὓς
911 534 1130 615 Πηλῆι
1173 528 1329 595 θεοὶ
1375 531 1583 595 δόσαν
1628 529 1840 613 ἀγλαὰ
1886 533 2125 616 δῶρα,]

317 640 588 720 πρόσσω
637 636 912 721 ἱέμενοι,
961 634 1065 701 ἐπὶ
1112 633 1171 699 δ’
1200 635 1465 720 Ἕκτορι
1509 634 1771 702 κέκλετο
1816 640 2063 721 θυμός·

321 743 455 808 ἵετο
501 743 628 826 γὰρ
675 739 965 825 βαλέειν·
1009 743 1127 807 τὸν
1174 739 1234 807 δ’
1280 745 1564 828 ἔκφερον
1610 739 1807 819 ὠκέες
1851 743 2055 807 ἵπποι.

322 849 411 925 ὡς
458 841 520 913 δ’
561 847 691 912 ὑπὸ
739 852 1007 913 λαίλαπι
1049 856 1227 912 πᾶσα
1271 849 1538 930 κελαινὴ
1584 847 1858 933 βέβριθε
1902 850 2105 932 χθὼν

319 947 511 1039 ἤματ’
554 953 891 1040 ὀπωρινῷ,
939 953 1046 1018 ὅτε
1091 956 1498 1038 λαβρότατον
1542 951 1675 1037 χέει
1718 954 1912 1039 ὕδωρ
2223 970 2333 1020 385

323 1061 518 1143 Ζεύς,
566 1060 673 1124 ὅτε
721 1060 804 1141 δή
851 1052 916 1144 ῤ’
965 1059 1283 1144 ἄνδρεσσι
1326 1060 1804 1144 κοτεσσάμενος
1847 1064 2211 1146 χαλεπήνῃ,

323 1170 396 1232 οἳ
433 1169 546 1251 βίῃ
594 1167 694 1230 εἰν
739 1164 948 1250 ἀγορῇ
993 1165 1259 1241 σκολιὰς
1294 1168 1573 1251 κρίνωσι
1617 1164 1963 1252 θέμιστας,

322 1272 395 1339 ἐκ
440 1269 512 1337 δὲ
559 1272 751 1354 δίκην
796 1271 1107 1354 ἐλάσωσι,
1152 1278 1336 1336 θεῶν
1382 1273 1538 1339 ὄπιν
1584 1272 1707 1338 οὐκ
1751 1271 2120 1356 ἀλέγοντες·

322 1388 456 1443 τῶν
503 1376 583 1443 δέ
620 1399 691 1443 τε
733 1378 971 1454 πάντες
1016 1374 1137 1463 μὲν
1181 1376 1463 1462 ποταμοὶ
1507 1379 1844 1461 πλήθουσι
1889 1377 2180 1463 ῥέοντες,

323 1485 568 1560 πολλὰς
613 1481 688 1549 δὲ
731 1488 953 1560 κλιτῦς
995 1480 1128 1550 τότ’
1178 1482 1628 1568 ἀποτμήγουσι
1673 1484 2025 1571 χαράδραι,
2223 1501 2329 1551 390

325 1591 391 1667 ές
436 1587 495 1654 δ’
538 1590 662 1654 ἅλα
706 1587 1094 1675 πορφυρέην
1139 1590 1390 1673 μεγάλα
1435 1590 1823 1674 στενάχουσι
1867 1588 2138 1676 ῥέουσαι

325 1695 392 1775 ἐξ
439 1693 652 1780 ὀρέων
698 1693 805 1759 ἐπὶ
846 1694 1000 1779 κάρ,
1048 1695 1322 1778 μινύθει
1367 1692 1447 1760 δέ
1485 1718 1554 1761 τε
1599 1693 1736 1783 ἔργ’
1790 1696 2195 1782 ἀνθρώπων·

326 1796 415 1878 ὧς
460 1801 645 1867 ἵπποι
699 1803 918 1886 Τρςόαι
963 1801 1210 1883 μεγάλα
1256 1802 1651 1885 στενάχοντο
1697 1800 1994 1868 θέουσαι.

415 1906 797 1991 Πάτροκλος
842 1903 907 1970 δ’
953 1904 1089 1971 ἐπεὶ
1135 1901 1259 1972 οὖν
1304 1908 1564 1993 πρώτας
1607 1906 1909 1994 ἐπέκερσε
1954 1909 2320 1993 φάλαγγας,

325 2012 419 2092 ἂψ
465 2010 570 2079 ἐπὶ
613 2021 778 2097 νῆας
822 2014 1005 2098 ἔεργε
1048 2012 1466 2097 παλιμπετές,
1514 2012 1673 2080 οὐδὲ
1716 2017 1962 2098 πόληος
2223 2032 2322 2082 395

326 2125 428 2186 εἴα
474 2117 772 2203 ἱεμένους
816 2117 1263 2203 ἐπιβαινέμεν,
1308 2120 1473 2185 ἀλλὰ
1518 2124 1806 2205 μεσηγὺς

331 2227 539 2308 [νηῶν
582 2223 692 2289 καὶ
720 2234 1033 2309 ,ποταμοῦ
1077 2223 1188 2290 καὶ
1230 2228 1477 2311 τείχεος
1518 2223 1831 2310 ὑψηλοῖο]

325 2340 537 2396 κτεῖνε
582 2333 978 2414 μεταΐσσων,
1023 2329 1283 2397 πολέων
1330 2329 1389 2397 δ’
1443 2331 1790 2399 ἀπετίνυτο
1834 2337 2091 2418 ποινήν.

328 2433 473 2501 ἔνθ’
515 2431 557 2518 ἦ
594 2458 698 2501 τοι
742 2439 1056 2521 Πρόνοον
1099 2448 1363 2522 πρῶτον
1408 2439 1566 2521 βάλε
1613 2437 1809 2524 δουρὶ
1852 2448 2136 2527 φαεινῷ,

329 2541 607 2627 στέρνον
650 2540 1089 2625 γυμνωθέντα
1132 2538 1285 2628 παρ’
1336 2543 1611 2627 ἀσπίδα,
1646 2549 1818 2618 ,λῦσε
1864 2542 1937 2610 δὲ
1979 2557 2161 2630 γυῖα·
2218 2563 2322 2613 400

331 2649 664 2731 δούπησεν
712 2644 784 2712 δὲ
827 2649 1065 2712 πεσών.
1155 2648 1193 2715 ὁ
1241 2645 1317 2714 δὲ
1361 2648 1657 2736 Θέστορα
1684 2649 1981 2727 ”Ηνοπος
2022 2652 2177 2717 υἱὸν

330 2755 645 2839 δεύτερον
690 2752 1009 2838 ὁρμηθείς
1036 2791 1120 2800 -
1148 2753 1186 2820 ὁ
1232 2750 1355 2839 μὲν
1401 2754 1678 2844 εὐξέστῳ
1724 2755 1827 2822 ἐνὶ
1871 2759 2088 2844 δίφρφ

328 2855 488 2943 ἧστο
533 2860 736 2936 ἀλείς·
782 2859 854 2925 ἐκ
896 2861 1022 2946 γὰρ
1066 2863 1283 2944 πλήγη
1330 2860 1606 2947 φρένας,
1653 2863 1726 2928 ἐκ
1771 2858 1833 2928 δ’
1874 2865 2003 2948 ἄρα
2044 2876 2274 2949 χειρῶν

327 2965 485 3050 ἡνία
528 2965 886 3050 ήίχθησαν·
932 2964 968 3032 ὁ
1016 2962 1076 3031 δ’
1122 2968 1301 3051 ἔγχει·
1338 2966 1495 3046 νύξε
1537 2970 1870 3054 παραστὰς

329 3074 638 3155 γναθμὸν
685 3070 1042 3157 δεξιτερόν,
1090 3073 1202 3137 διὰ
1247 3069 1308 3136 δ’
1353 3073 1560 3139 αὐτοῦ
1598 3085 1825 3160 πεῖρεν
1861 3076 2185 3159 ὀδόντων,
2219 3093 2314 3143 40⁵

330 3176 475 3242 ἕλκε
522 3174 595 3243 δὲ
642 3178 883 3262 δουρὸς
928 3176 1095 3243 ἑλὼν
1140 3175 1306 3264 ὑπὲρ
1353 3180 1663 3263 ἄντυγος,
1711 3181 1801 3258 ὡς
1846 3182 1953 3247 ὅτε
1994 3205 2095 3259 τις
2138 3182 2269 3266 φὼς

327 3283 530 3370 πέτρῃ
577 3286 682 3349 ἔπι
724 3286 1043 3368 προβλῆτι
1086 3288 1464 3369 καθήμενος
1509 3286 1690 3372 ἱερὸν
1737 3288 1939 3372 ἰχθὺν

329 3390 404 3457 ἐκ
447 3392 719 3456 πόντοιο
763 3390 1012 3476 θύραζε
1056 3393 1218 3479 λίνῳ
1263 3390 1375 3457 καὶ
1417 3393 1617 3476 ἤνοπι
1663 3399 1907 3482 χαλκῷ·

324 3492 421 3575 ὧς
465 3491 596 3563 ἕλκ’
649 3496 718 3562 ἐκ
764 3498 1032 3584 δίφροιο
1076 3501 1395 3582 κεχηνότα
1442 3497 1634 3585 δουρὶ
1680 3509 1962 3588 φαεινῷ,
2001 3478 2417 3591 ψει-ἑνωᾸΛτο
