2525 3884
301 210 342 274 6
1117 213 1419 265 ΙΛΙΑΔΟΣ
1457 214 1521 266 Ν.

302 350 483 420 ὦσαν
529 355 655 419 ἀπὸ
703 357 983 440 σφείων·
1030 354 1066 420 ὁ
1114 351 1188 420 δὲ
1230 356 1643 439 χασσάμενος
1686 358 2067 440 πελεμίχθη.

298 461 503 542 ἤυσεν
551 457 624 525 δὲ
672 461 1068 547 διαπρύσιον
1113 462 1410 548 Τρώεσσι
1454 464 1787 544 γεγωνώς·

298 570 572 651 ,,Τρῶες
613 565 723 632 καὶ
768 567 1011 632 Λύκιοι
1054 564 1163 632 καὶ
1208 567 1557 651 Δάρδανοι
1603 567 2061 653 ἀγχιμαχηταί,
2219 585 2323 635 150

297 670 642 757 παρμένετ’
661 693 674 706 ·
724 673 806 737 οὔ
851 696 952 737 τοι
1000 674 1209 758 δηρὸν
1255 670 1369 756 ἐμὲ
1413 676 1776 758 σχήσουσιν
1817 669 2093 758 Ἀχαιοί,

295 776 405 843 καὶ
449 779 623 863 μάλα
666 780 1011 862 πυργηδὸν
1056 777 1264 864 σφέας
1310 779 1553 856 αὐτοὺς
1598 779 2024 866 ἀρτύναντες,

298 882 439 949 ἀλλ’
493 885 631 968 ὀίω,
680 886 1032 969 χάσσονται
1078 880 1190 950 ὑπ’
1242 888 1496 970 ἔγχεος,
1542 888 1606 951 εί
1647 886 1831 951 ἐτεόν
1876 910 1954 971 με

298 982 469 1077 ὦρσε
513 997 715 1072 θεῶν4
744 993 1040 1076 ὤριστος,
1088 992 1483 1077 ἐρίγδουπος
1527 995 1717 1070 πόσις
1746 991 2018 1078 ”Ἠρης.“

385 1092 474 1174 ὧς
520 1098 723 1163 εἰπὼν
771 1100 1021 1183 ὤτρυνε
1066 1097 1263 1183 μένος
1306 1097 1417 1164 καὶ
1461 1101 1687 1183 θυμὸν
1734 1098 2027 1165 ἑκάστου.
2218 1117 2320 1166 155

296 1206 645 1286 Δηίφοβος
691 1199 752 1267 δ’
803 1204 878 1269 ἐν
920 1216 1093 1269 τοῖσι
1137 1204 1301 1289 μέγα
1347 1204 1653 1292 φρονέων
1699 1205 2037 1290 ἐβεβήκειν

296 1310 690 1394 Πριαμίδης,
737 1312 1035 1395 πρόσθεν
1083 1306 1144 1375 δ’
1196 1313 1343 1395 ἔχεν
1388 1311 1634 1376 ἀσπίδα
1678 1309 1949 1377 πάντοσ’
1981 1312 2212 1396 ἐίσην,

293 1423 515 1498 κοῦφα
560 1413 715 1480 ποσὶ
760 1418 1082 1502 προβιβὰς
1124 1416 1236 1481 καὶ
1280 1417 1646 1483 ὑπασπίδια
1690 1402 2124 1504 προποδίζων.
2203 1438 2209 1452 ·

294 1525 647 1609 Μηριόνης
692 1518 754 1587 δ’
809 1524 1036 1588 αὐτοῖο
1080 1524 1417 1588 τιτύσκετο
1465 1523 1658 1607 δουρὶ
1696 1534 1973 1614 φαεινῷ,

294 1627 404 1694 καὶ
431 1630 653 1711 βάλεν,
677 1626 822 1693 οὐδ’
848 1628 1209 1714 ἀφάμαρτε,
1230 1626 1371 1694 κατ’
1398 1628 1643 1693 ἀσπίδα
1670 1625 1943 1695 πάντοσ’
1970 1631 2158 1715 ἐίσην
2215 1649 2316 1698 160

300 1736 637 1820 ταυρείην·
682 1742 797 1817 τῆς
843 1730 903 1798 δ’
959 1734 1040 1798 οὔ
1084 1756 1149 1799 τι
1195 1736 1529 1819 διήλασεν,
1579 1735 1743 1801 ἀλλὰ
1788 1740 1958 1802 πολὺ
2004 1737 2161 1823 πρὶν

301 1840 374 1906 ἐν
419 1844 641 1926 καυλῷ
689 1838 848 1921 ἐάγη
897 1840 1165 1923 δολιχὸν
1212 1841 1404 1926 δόρυ·
1451 1843 1804 1925 Δηίφοβος
1848 1840 1922 1909 δὲ

296 1947 540 2012 ἀσπίδα
584 1947 898 2031 ταυρείην
945 1940 1129 2030 σχέθ’
1181 1945 1309 2011 ἀπὸ
1356 1946 1447 2028 ἕο,
1499 1947 1675 2013 δεῖσε
1721 1945 1796 2012 δὲ
1839 1951 2036 2037 θυμῷ

297 2055 485 2137 ἔγχος
528 2054 883 2138 Μηριόναο
931 2053 1323 2137 δαῖφρονος·
1371 2053 1577 2137 αὐτὰρ
1625 2054 1661 2117 ὅ
1708 2050 1771 2136 γ’
1823 2055 1999 2138 ἥρως

299 2157 390 2237 ἄψ
437 2144 688 2244 ἑτάρων
733 2159 827 2234 εἰς
873 2160 1073 2233 ἔθνος
1118 2157 1393 2241 ἐχάζετο,
1439 2159 1696 2242 χώσατο
1744 2153 1804 2221 δ’
1860 2159 2060 2234 αι’νῶς
2213 2176 2315 2225 165

298 2264 695 2349 ἀμφότερον,
741 2267 928 2347 νίκης
970 2286 1040 2328 τε
1085 2262 1195 2329 καὶ
1239 2265 1491 2347 ἔγχεος,
1540 2263 1576 2329 ὃ
1624 2262 1949 2341 ξυνέαξεν.

299 2375 382 2454 βῆ
430 2365 496 2434 δ’
549 2368 718 2435 ι’έναι
762 2370 938 2454 παρά
964 2353 1050 2435 ’τε
1093 2372 1348 2445 κλισίας
1390 2367 1503 2435 καὶ
1545 2379 1707 2453 νῆας
1747 2367 2023 2454 Ἀχαιῶν

299 2478 644 2560 οἰσόμενος
691 2477 856 2560 δόρυ
902 2479 1182 2561 μακρόν,
1230 2477 1268 2541 ὅ
1315 2476 1385 2541 οῖ
1423 2478 1724 2560 κλισίηφι
1770 2474 2081 2542 λέλειπτο.

387 2583 457 2648 οῖ
497 2583 539 2646 δ
552 2580 568 2606 ’
621 2583 810 2647 ἄλλοι
855 2581 1219 2666 μάρναντο,
1266 2583 1391 2665 βοὴ
1441 2578 1502 2646 δ’
1554 2583 1870 2666 ἄσβεστος
1916 2583 2212 2668 ὀρώρειν.

309 2693 594 2774 Τεῦκρος
640 2685 715 2754 δὲ
757 2699 1012 2772 πρῶτος
1066 2689 1482 2771 Τελαμώνιος
1527 2690 1740 2774 ἄνδρα
1784 2688 2086 2773 κατέκτα,
2212 2707 2312 2757 170

280 2791 585 2880 Ἴμβριον
630 2797 969 2878 αἰχμητήν,
1015 2797 1391 2859 πολυΐππου
1436 2794 1785 2881 Μέντορος
1827 2797 1997 2861 υἱόν.

297 2911 442 2965 ναῖε
491 2897 563 2966 δὲ
610 2902 915 2982 Πήδαιον
958 2897 1116 2985 πρὶν
1161 2900 1388 2965 ἐλθεῖν
1432 2893 1581 2977 υἷας
1619 2898 1924 2986 Ἀχαιῶν,

299 3007 552 3092 κούρην
599 3002 673 3071 δὲ
718 3006 1052 3091 Πριάμοιο
1098 3008 1318 3089 νόθην
1365 3009 1489 3091 ἔχε,
1535 3008 2079 3092 Μηδεσικάστην·

299 3112 506 3197 αὐτὰρ
553 3110 690 3177 ἐπεὶ
736 3117 1030 3177 Δαναῶν
1075 3110 1219 3188 νέες
1262 3113 1526 3195 ’ἤλυθον
1571 3113 2027 3198 ἀμφιέλισσαι,

303 3217 394 3297 ἂψ
441 3220 534 3294 εἰς
561 3217 772 3283 Ἴλιον
816 3213 1005 3301 ἦλθε,
1052 3217 1400 3302 μετέπρεπε
1447 3217 1520 3284 δὲ
1574 3220 1933 3306 Τρώεσσιν,
2216 3236 2316 3286 175

298 3335 444 3390 ναῖε
491 3320 567 3389 δὲ
611 3326 741 3411 πὰρ
789 3325 1098 3411 Πριάμῳ·
1145 3323 1181 3389 ὁ
1230 3323 1309 3388 δέ
1350 3348 1465 3409 μιν
1510 3328 1649 3390 τίεν
1698 3321 1806 3391 ἶσα
1850 3325 2163 3392 τέκεσσιν.

296 3434 414 3496 τόν
462 3428 522 3516 ῥ’
575 3432 720 3507 υίὸς
774 3433 1160 3515 Τελαμῶνος
1204 3428 1316 3495 ὑπ’
1370 3431 1607 3507 οὔατος
1651 3432 1829 3515 ἔγχει·
1869 3441 2095 3519 μακρῷ

297 3532 464 3621 νύξ’,
511 3537 583 3603 ἐκ
629 3533 689 3602 δ’
733 3540 1014 3604 ἔσπασεν
1059 3541 1273 3623 ἔγχος·
1321 3537 1357 3603 ὁ
1405 3534 1465 3602 δ’
1510 3531 1655 3601 αὖτ’
1697 3540 1926 3602 ἔπεσεν
1962 3540 2151 3621 μελίη
2199 3538 2315 3618 ὥς,
