2525 3884
1031 243 1331 297 ῙΛῙΑΔΟΣ
1367 244 1483 297 xx,
2137 238 2265 305 165

251 384 615 471 γευσόμεθ’
667 385 968 469 ἀλλήλων
1003 388 1399 471 χαλκήρεσιν
1445 384 1835 471 έγχείῃσιν.“

343 488 388 576 ἦ
437 492 521 575 ῥα
565 489 676 558 καὶ
721 492 796 557 έν
834 494 1029 580 δεινῷ
1068 493 1252 558 σάκει
1296 494 1540 575 ἤλασεν
1586 493 1863 576 ὄβριμον
1909 493 2125 576 ἔγχος,

254 596 669 686 σμερδαλέῳ·
706 595 869 682 μέγα
899 595 965 664 δ’
1000 596 1170 683 ἀμφὶ
1198 597 1398 674 σάκος
1423 597 1588 682 μύκε
1615 597 1858 683 δουρὸς
1884 597 2120 682 ἀκωκῇ.
2163 613 2269 662 260

253 705 594 788 Πηλεΐδης
639 700 713 770 δὲ
758 705 958 782 σάκος
1001 701 1125 788 μὲν
1171 703 1298 770 ἀπὸ
1343 703 1415 770 ἕο
1460 700 1629 790 χειρὶ
1674 705 1907 789 παχείῃ

257 814 485 896 ἔσχετο
529 812 888 896 ταρβήσας·
978 810 1147 894 φάτο
1193 811 1322 895 γὰρ
1360 810 1778 894 δολιχόσκιον
1823 811 2013 894 ἔγχος

257 915 377 1002 ῥέα
424 916 884 983 διελεύσεσθαι
929 918 1372 1001 μεγαλήτορος
1413 917 1719 998 Αἰνείαο,

255 1025 523 1106 νήπιος,
572 1015 719 1086 οὐδ’
770 1021 1002 1104 ἐνόησε
1046 1023 1209 1086 κατὰ
1253 1019 1467 1108 φρένα
1511 1019 1621 1087 καὶ
1665 1022 1829 1087 κατὰ
1872 1023 2133 1107 θυμόν,

259 1129 350 1206 ὡς
393 1128 476 1194 οὐ
521 1125 723 1213 ῥηίδι’
776 1125 913 1193 ἐστὶ
957 1133 1141 1193 θεῶν
1184 1125 1489 1212 ἐρικυδέα
1537 1128 1719 1212 δῶρα
2163 1140 2270 1191 265

262 1233 544 1320 ἀνδράσι
586 1257 663 1317 γε
705 1240 1018 1317 θνητοῖσι
1065 1234 1433 1317 δαμήμεναι
1479 1227 1626 1298 οὐδ’
1676 1232 2027 1299 ὑποείκειν.

263 1336 421 1405 οὐδὲ
463 1333 599 1404 τότ’
649 1340 924 1404 Αἰνείαο
972 1338 1339 1425 δαΐφρονος
1383 1339 1665 1425 ὄβριμον
1711 1341 1900 1424 ἔγχος

263 1445 414 1531 ῥῆξε
461 1445 689 1522 σάκος·
731 1446 974 1532 χρυσὸς
1016 1447 1143 1532 γὰρ
1190 1444 1496 1531 ἐρύκακε,
1546 1445 1727 1530 δῶρα
1770 1451 1989 1512 θεοῖο·

265 1551 456 1634 [ἀλλὰ
502 1551 644 1617 δύω
689 1548 811 1636 μὲν
856 1554 1091 1618 ἔλασσε
1136 1551 1249 1616 διὰ
1290 1550 1569 1636 πτύχας,
1615 1552 1691 1617 αἰ
1722 1549 1785 1616 δ’
1832 1549 1937 1638 ἄρ’
1982 1552 2077 1616 ἔτι
2101 1559 2277 1634 τρεῖς

262 1653 462 1739 ἦσαν,
510 1653 649 1721 ἐπεὶ
691 1653 885 1721 πέντε
927 1655 1175 1740 πτύχας
1218 1656 1420 1739 ἤλασε
1464 1657 1956 1740 κυλλοποδίων,
2171 1671 2274 1720 270

263 1764 375 1845 τὰς
421 1761 544 1827 δύο
590 1763 910 1846 χαλκείας,
959 1761 1081 1827 δύο
1131 1755 1191 1827 δ’
1243 1762 1481 1827 ἔνδοθι
1523 1761 1965 1850 κασσιτέροιο,

263 1870 384 1951 τὴν
432 1864 506 1933 δε
550 1870 710 1952 μίαν
753 1865 1075 1952 χρυσέην,
1121 1876 1199 1952 τῇ
1248 1863 1310 1953 ῤ’
1362 1871 1583 1954 ἔσχετο
1630 1874 1927 1953 μείλινον
1975 1869 2207 1953 ἔγχος.]
2300 1946 2304 1957 .

354 1975 663 2060 δεύτερος
707 1968 848 2038 αὖτ’
895 1969 1185 2058 Ἀχιλεὺς
1227 1977 1445 2061 προΐει
1491 1976 1910 2060 δολιχόσκιον
1957 1976 2177 2058 ἔγχος,

262 2078 373 2145 καὶ
418 2078 620 2163 βάλεν
663 2080 938 2145 Αἰνείαο
983 2074 1123 2145 κατ’
1174 2079 1421 2146 ἀσπίδα
1464 2078 1735 2145 πάντοσ’
1789 2079 2007 2163 ἐίσην,

265 2179 495 2269 ἄντυγ’
545 2184 673 2250 ὕπο
720 2185 1024 2269 πρώτην,
1069 2176 1112 2271 ᾗ
1158 2189 1546 2263 λεπτότατος
1590 2185 1708 2252 θέε
1752 2188 2018 2271 χαλκός,
2176 2199 2277 2250 275

263 2279 619 2374 λεπτοτάτη
669 2287 729 2356 δ’
772 2289 982 2375 ,ἐπέην
1029 2291 1212 2376 ῥινὸς
1257 2293 1442 2375 βοός·
1485 2291 1527 2375 ἡ
1576 2288 1649 2358 δὲ
1696 2292 1935 2377 διαπρὸ

264 2398 521 2481 Πηλιὰς
565 2396 746 2481 ἤιξεν
791 2401 1003 2482 μελίη,
1050 2398 1204 2463 λάκε
1252 2394 1318 2461 δ’
1371 2395 1564 2474 ἀσπὶς
1608 2395 1721 2462 ὑπ’
1775 2398 1991 2482 αὐτῆς.

265 2505 539 2580 Αἰνείας
585 2497 647 2567 δ’
699 2501 854 2586 ἐάλη
900 2500 1012 2567 καὶ
1055 2502 1182 2568 ἀπὸ
1231 2501 1391 2568 ἕθεν
1436 2498 1660 2569 ἀσπίδ’
1712 2501 1987 2589 ἀνέσχεν

269 2610 520 2685 δείσας·
569 2607 783 2693 ἐγχείη
832 2602 894 2672 δ’
945 2605 1050 2693 ἄρ’
1103 2605 1268 2694 ὑπὲρ
1313 2609 1531 2674 νώτου
1577 2607 1678 2674 ἐνὶ
1721 2612 1876 2695 γαίῃ

268 2717 421 2797 ἔστη
470 2711 716 2799 ἱεμένη,
764 2714 875 2779 διὰ
921 2712 982 2778 δ’
1035 2712 1451 2800 ἀμφοτέρους
1496 2714 1602 2781 ἕλε
1645 2715 1930 2791 κύκλους
2176 2731 2279 2781 280

270 2820 549 2897 ἀσπίδος
593 2819 1029 2905 ἀμφιβρότης·
1076 2820 1112 2885 ὁ
1160 2815 1226 2885 δ’
1279 2820 1680 2904 ἀλευάμενος
1727 2821 1895 2906 δόρυ
1940 2821 2192 2906 μακρὸν

270 2929 445 3010 ἔστη,
490 2926 618 2991 κὰδ
673 2922 734 2991 δ’
788 2927 945 3011 ἄχος
990 2926 1060 2990 oc
1098 2926 1256 3010 χύτο
1294 2929 1544 3022 ,μυρίον
1591 2926 2069 3011 ὀφθαλμοῖσιν,

269 3033 619 3118 ταρβήσας,
667 3033 704 3097 ὅ
751 3033 820 3097 οἱ
862 3033 1011 3116 ἄγχι
1055 3032 1229 3115 πάγη
1278 3031 1485 3116 βέλος.
1549 3032 1756 3116 αὐτὰρ
1794 3029 2123 3117 Ἀχιλλεὺς

272 3137 613 3223 ἐμμεμαὼς
658 3137 1047 3223 ἐπόρουσεν,
1094 3137 1539 3224 ἐρυσσάμενος
1585 3136 1776 3222 ξίφος
1820 3137 1965 3221 ὀξύ,

272 3241 641 3330 σμερδαλέα
690 3242 925 3328 ἰάχων·
970 3241 1009 3308 ὁ
1055 3240 1129 3308 δὲ
1173 3242 1531 3328 χερμάδιον
1576 3242 1736 3326 λάβε
1780 3242 1950 3329 χειρὶ
2179 3258 2281 3310 285

270 3351 572 3432 Αἰνείας,
618 3346 784 3434 μέγα
830 3352 1059 3436 ἔργον,
1106 3349 1142 3415 ὃ
1191 3349 1272 3415 οὐ
1321 3350 1443 3414 δύο
1488 3344 1554 3432 γ’
1606 3351 1809 3434 ἄνδρε
1856 3349 2156 3434 φέροιεν,

271 3449 403 3522 οἷοι
445 3464 575 3521 νῦν
619 3457 855 3539 βροτοί
895 3453 1040 3519 εἰσ’·
1086 3455 1122 3520 ὁ
1171 3453 1250 3520 δέ
1291 3478 1406 3538 μιν
1452 3452 1569 3540 ῥέα
1613 3455 1817 3519 πάλλε
1861 3452 1970 3517 καὶ
2016 3450 2171 3528 οἶος.

274 3565 443 3627 ἔνθα
472 3581 603 3625 ’κεν
647 3561 920 3636 Αἰνείας
963 3557 1085 3643 μὲν
1133 3559 1576 3642 ἐπεσσύμενον
1623 3558 1781 3639 βάλε
1825 3555 2036 3640 πέτρῳ
