2525 3884
997 233 1300 285 ΙΛῙΑΔΟΣ
1334 233 1529 288 XXIV.
2137 227 2268 292 259

264 380 435 443 ἔνθα
480 380 673 454 λίθος
716 398 838 461 περ
885 375 1086 442 ἐοῦσα
1129 382 1315 441 θεῶν
1361 374 1434 441 ἐκ
1461 375 1678 469 ’κήδεα
1719 371 1989 456 πέσσει.]

263 477 404 548 ἀλλ’
447 484 566 567 ἄγε
612 483 695 566 δὴ
740 481 851 547 καὶ
894 492 1018 547 νῶι
1062 482 1446 567 μεδώμεθα,
1493 483 1594 547 δῖε
1637 479 1888 567 γεραιέ,

263 592 478 654 σίτου·
526 589 746 654 ἔπειτά
792 611 908 654 κεν
954 583 1110 654 αὖτε
1154 592 1358 673 φίλον
1401 589 1607 653 παῖδα
1648 590 2003 653 κλαίοισθα

258 694 470 761 Ἴλιον
517 695 911 778 εἰσαγαγών·
956 694 1457 780 πολυδάκρυτος
1502 691 1582 760 δέ
1620 716 1725 759 τοι
1769 693 2012 759 ἔσται.“
2166 707 2270 757 620

349 797 392 885 ἦ
436 798 547 866 καὶ
591 800 862 879 ἀναΐξας
906 802 1014 867 ὄιν
1059 802 1369 886 ἄργυφον
1414 799 1588 877 ὠκὺς
1625 793 1954 885 Ἀχιλλεὺς

263 905 460 992 σφάξ’
482 926 496 943 ·
524 906 746 994 ἕταροι
774 904 835 973 δ’
863 908 1094 993 ἔδερόν
1120 931 1192 972 τε
1222 904 1334 972 καὶ
1361 907 1667 992 ἄμφεπον
1696 900 1772 971 εὖ
1797 906 1961 972 κατὰ
1985 905 2267 989 κόσμον,

264 1014 623 1096 μίστυλλόν
666 1007 722 1077 τ’
765 1007 870 1098 ἄρ’
915 1009 1358 1097 ἐπισταμένως
1399 1013 1635 1101 πεῖράν
1677 1009 1738 1078 τ’
1780 1012 2144 1096 ὀβελοῖσιν,

265 1119 574 1202 ὤπτησάν
618 1141 690 1184 τε
733 1114 1193 1205 περιφραδέως
1235 1119 1559 1204 ἐρύσαντό
1603 1141 1672 1184 τε
1716 1118 1944 1185 πάντα.

262 1223 671 1309 Αὐτομέδων
718 1221 776 1288 δ’
823 1225 952 1310 ἄρα
996 1234 1183 1289 σῖτον
1231 1221 1400 1289 ἑλὼν
1446 1221 1740 1308 ἐπένειμε
1783 1222 2061 1309 τραπέζῃ
2168 1237 2269 1288 625

260 1336 488 1407 καλοῖς
533 1331 608 1396 ἐν
651 1327 1015 1395 κανέοισιν·
1062 1329 1225 1416 ἀτὰρ
1272 1327 1433 1414 κρέα
1476 1339 1702 1414 νεῖμεν
1739 1323 2085 1414 Ἀχιλλεύς.

264 1436 335 1501 oc
376 1434 438 1501 δ’
482 1433 584 1503 ἐπ’
628 1434 886 1502 ὀνείαθ’
931 1435 1156 1521 ἑτοῖμα
1199 1437 1599 1521 προκείμενα
1641 1446 1862 1522 χεῖρας
1908 1439 2156 1500 ἴαλλον.

265 1540 472 1628 αὐτὰρ
520 1538 660 1607 ἐπεὶ
702 1544 936 1621 πόσιος
979 1540 1090 1607 καὶ
1134 1541 1411 1626 ἐδητύος
1458 1540 1527 1620 ἐξ
1571 1544 1728 1628 ἔρον
1772 1540 1954 1625 ἕντο,
2083 1586 2088 1591 -

264 1642 306 1730 ἦ
352 1669 455 1711 τοι
498 1647 929 1733 Δαρδανίδης
973 1652 1278 1735 Πρίαμος
1320 1641 1606 1732 θαύμαζ’
1652 1642 1941 1733 Ἀχιλῆα,

266 1752 465 1828 ὅσσος
509 1754 627 1835 ἔην
673 1744 813 1830 οἶός
854 1773 952 1818 τε·
996 1759 1218 1819 θεοῖσι
1261 1754 1389 1840 γὰρ
1434 1755 1601 1818 ἄντα
1645 1748 1899 1842 ἐῴκειν·
2169 1767 2273 1817 630

267 1857 473 1944 αὐτὰρ
510 1858 547 1922 ὁ
583 1859 1024 1945 Δαρδανίδην
1071 1861 1381 1946 Πρίαμον
1424 1860 1767 1944 θαύμαζεν
1804 1855 2160 1943 Ἀχιλλεύς,

267 1965 588 2050 εἰσορόων
633 1965 792 2044 ὄψιν
827 1959 884 2029 τ’
926 1964 1191 2048 ἀγαθὴν
1238 1962 1351 2030 καὶ
1394 1971 1619 2049 μῦθον
1665 1963 1945 2029 ἀκούων.

268 2069 475 2157 αὐτὰρ
497 2069 660 2136 ἐπεὶ
702 2070 1044 2154 τάρπησαν
1090 2069 1156 2148 ἐς
1201 2071 1529 2154 ἀλλήλους
1574 2069 1924 2157 ὁρόωντες,

267 2176 386 2242 τὸν
429 2179 748 2263 πρότερος
790 2176 1139 2263 προσέειπε
1181 2176 1398 2263 γέρων
1446 2179 1747 2262 Πρίαμος
1790 2177 2122 2259 θεοειδής·

267 2280 504 2364 ,,λέξον
547 2292 677 2349 νῦν
722 2308 803 2368 με
846 2285 1149 2369 τάχιστα,
1197 2282 1574 2369 διοτρεφές,
1622 2283 1800 2368 ὄφρα
1842 2279 1953 2347 καὶ
1995 2282 2125 2366 ἤδη
2173 2295 2275 2347 635

267 2387 455 2476 ῧπνω
501 2389 632 2453 ὕπο
678 2394 973 2475 γλυκερῷ
1020 2389 1421 2472 ταρπώμεθα
1467 2386 1888 2472 κοιμηθέντε·

270 2492 353 2557 οὐ
396 2492 524 2577 γάρ
568 2514 670 2557 πω
716 2494 935 2577 μύσαν
981 2493 1137 2558 ὄσσε
1180 2492 1312 2557 ὑπὸ
1355 2492 1793 2579 βλεφάροισιν
1837 2492 2123 2579 ἐμοῖσιν,

269 2597 337 2678 ἐξ
383 2592 466 2664 οὗ
511 2606 630 2683 σῇς
673 2597 801 2663 ὑπὸ
845 2595 1073 2683 χερσὶν
1119 2597 1274 2683 ἐμὸς
1316 2599 1470 2675 πάις
1515 2599 1717 2664 ὤλεσε
1761 2601 2017 2683 θυμόν,

268 2703 413 2773 ἀλλ’
458 2701 588 2771 αἰεὶ
633 2702 923 2788 στενάχω
967 2701 1080 2769 καὶ
1121 2705 1327 2787 κήδεα
1371 2706 1576 2790 μυρία
1620 2702 1870 2788 πέσσω,

270 2811 474 2896 αὐλῆς
517 2809 593 2876 ἐν
634 2812 931 2896 χόρτοισι
972 2811 1449 2894 κυλινδόμενος
1490 2810 1654 2875 κατὰ
1695 2811 1965 2895 κόπρον.
2174 2825 2278 2876 640

269 2925 397 2983 νῦν
444 2917 526 3002 δὴ
570 2912 681 2981 καὶ
725 2899 913 2981 σίτου
955 2916 1266 3000 πασάμην
1309 2912 1422 2980 καὶ
1467 2920 1717 2981 αὔθοπα
1762 2908 1951 2980 οἶνον

272 3025 631 3107 λαυκανίης
674 3018 996 3105 καθέηκα·
1040 3022 1250 3108 πάρος
1294 3045 1370 3105 γε
1415 3018 1537 3106 μὲν
1585 3021 1667 3087 οὔ
1710 3043 1776 3086 τι
1819 3021 2229 3107 πεπάσμην.“

361 3121 403 3211 ἦ
449 3123 539 3212 ῤ’,
577 3124 869 3213 Ἀχιλεὺς
915 3120 979 3192 δ’
1021 3125 1355 3215 ἑτάροισιν
1402 3124 1503 3193 ἰδὲ
1549 3128 1806 3213 δμωῇσι
1849 3126 2159 3193 κέλευσεν

276 3226 490 3319 δέμνι’
530 3231 640 3298 ὑπ’
686 3234 976 3319 αἰθούσῃ
1022 3231 1305 3319 θέμεναι
1347 3230 1458 3298 καὶ
1502 3231 1706 3319 ῥήγεα
1749 3235 1917 3299 καλὰ

273 3336 596 3428 πορφύρε’
633 3338 1004 3425 ἐμβαλέειν,
1030 3338 1341 3425 στορέσαι
1364 3336 1423 3405 τ’
1459 3338 1798 3426 ἐφύπερθε
1824 3338 2138 3421 τάπητας,
2174 3351 2277 3401 645

271 3449 544 3533 χλαίνας
585 3442 645 3510 τ’
689 3444 1043 3530 ἐνθέμεναι
1089 3445 1291 3522 οὔλας
1333 3446 1761 3532 καθύπερθεν
1810 3443 2110 3508 ἕσασθαι.

272 3554 349 3620 αί
388 3548 453 3620 δ’
497 3557 651 3618 ἴσαν
698 3550 770 3617 ἐκ
815 3552 1128 3638 μεγάροιο
1175 3552 1337 3628 δάος
1380 3551 1538 3638 μετὰ
1583 3547 1809 3635 χερσὶν
1856 3549 2152 3679 ἔχρυσαι,

1854 3653 1917 3701 17
