2525 3884
1002 182 1306 236 ῙΛῙΑΔοΣ
1343 185 1485 237 XVI.
2117 179 2202 244 97

216 326 372 408 ,,ἤδη
415 335 577 408 νῦν,
609 324 878 409 ”Εκτορ,
923 323 1149 409 μεγάλ’
1193 326 1407 411 εὔχεο·
1459 323 1567 390 σοὶ
1610 326 1737 412 γὰρ
1783 325 2029 389 ἔδωκεν

214 433 392 514 νίκην
439 434 608 509 Ζεὺς
651 432 988 517 Κρονίδης
1021 429 1131 496 καὶ
1179 428 1546 514 Ἀπόλλων,
1602 431 1673 497 οἵ
1730 453 1808 514 με
1862 429 2207 515 δάμασσαν

219 535 526 618 [ρηιδίως·
573 536 763 603 αὐτοὶ
806 538 931 623 γὰρ
979 533 1086 602 ἀπ’
1131 537 1332 621 ὤμων
1375 534 1583 621 τεύχε’
1627 535 1901 616 gnomo]
2099 550 2203 600 846

216 651 487 708 τοιοῦτοι
535 641 596 709 δ’
642 649 709 708 εἴ
742 641 864 730 πέρ
909 657 1035 727 μοι’
1068 642 1351 708 ἐείκοσιν
1392 643 1872 726 ἀντεβόλησαν,

215 748 434 825 πάντες
478 746 541 813 κ’
587 743 823 814 αὐτόθ’
865 749 1101 814 ὄλοντο
1148 748 1281 836 ἐμῷ
1327 749 1457 815 ὑπὸ
1505 746 1699 834 δουρὶ
1748 745 2074 831 δαμέντες.

214 851 366 918 ἄλλά
407 877 487 937 με
533 851 711 938 μοῖρ’
764 854 924 938 ὀλοὴ
969 851 1080 919 καὶ
1122 858 1387 936 Λητοῦς
1432 857 1703 920 ἔκτανεν
1747 853 1921 934 υἱός,

214 957 465 1043 ἀνδρῶν
513 958 574 1025 δ’
617 960 1006 1046 Εὔφορβος·
1051 962 1136 1025 σὺ
1183 960 1263 1026 δέ
1294 985 1372 1045 με
1416 965 1634 1048 τρίτος
1678 959 2076 1044 ἐξεναρίζεις.
2100 972 2204 1023 850

212 1063 362 1127 ἄλλο
408 1062 488 1128 δέ
526 1087 631 1129 τοι
675 1063 869 1149 ἐρέω,
918 1068 1004 1130 σὺ
1051 1062 1111 1131 δ’
1156 1064 1256 1131 ἐνὶ
1303 1064 1500 1153 φρεσὶ
1544 1067 1782 1148 βάλλεο
1829 1073 2051 1150 σῇσιν·

215 1169 290 1233 οὔ
330 1176 466 1253 θην
514 1168 658 1236 οὐδ’
703 1171 903 1249 αὐτὸς
949 1172 1157 1258 δηρὸν
1202 1170 1352 1257 βέῃ,
1405 1171 1568 1237 ἀλλά
1610 1194 1714 1237 τοι
1757 1173 1885 1254 ἤδη

214 1275 353 1360 ἄγχι
394 1273 798 1359 παρέστηκεν
841 1276 1133 1353 θάνατος
1182 1275 1293 1341 καὶ
1338 1287 1537 1362 μοῖρα
1580 1278 1886 1361 κραταιή,

213 1379 385 1467 χερσὶ
429 1377 697 1467 δαμέντ’
741 1377 1034 1467 Ἀχιλῆος
1078 1382 1417 1468 ἀμύμονος
1460 1382 1851 1447 Αἰακίδαο.“

294 1482 378 1564 ὧς
419 1489 547 1574 ἄρα
591 1512 707 1573 μιν
751 1490 1017 1554 εἰπόντα
1061 1486 1247 1563 τέλος
1289 1487 1615 1552 θανάτοιο
1660 1487 1979 1565 κάλυψεν·
2100 1501 2200 1552 855

212 1595 376 1677 ψυχὴ
423 1594 494 1657 δ’
531 1592 604 1659 ἐκ
648 1590 904 1678 ῥεθέων
949 1591 1242 1677 πταμένη
1283 1590 1581 1659 Ἀιδόσδε
1625 1594 1961 1676 βεβήκειν,

214 1696 288 1761 ὃν
328 1701 578 1782 πότμον
621 1700 915 1781 γοόωσα,
962 1695 1225 1763 λιποῦσ’
1270 1697 1638 1784 ἀνδροτῆτα
1681 1695 1792 1764 καὶ
1835 1699 2023 1782 ἥβην.

210 1802 322 1867 τὸν
362 1800 471 1868 καὶ
514 1808 859 1886 τεθνηῶτα
902 1803 1251 1886 προσηύδα
1298 1805 1611 1889 φαίδιμος
1639 1801 1921 1889 ”Εκτωρ·

212 1910 677 1995 ,,Πατρόκλεις,
721 1912 792 1974 τί
829 1908 916 1975 νύ
960 1932 1073 1993 μοι
1117 1910 1466 1992 μαντεύεαι
1512 1911 1714 1975 αἰπὺν
1760 1910 2075 1996 ὅλεθρον;

210 2016 301 2091 τίς
344 2012 404 2079 δ’
449 2008 606 2096 οἷδ’,
652 2020 720 2080 εἴ
743 2010 805 2079 κ’
859 2014 1146 2098 Ἀχιλεὺς
1190 2011 1463 2091 Θέτιδος
1508 2015 1660 2090 πάις
1703 2013 2021 2098 ἠυκόμοιο
2099 2030 2202 2079 860

209 2122 392 2207 φθήῃ
439 2119 572 2206 ε’μῷ
617 2117 747 2184 ὑπὸ
793 2117 987 2205 δουρὶ
1029 2115 1254 2196 τυπεὶς
1300 2119 1426 2184 ἀπὸ
1471 2119 1696 2202 θυμὸν
1742 2116 2037 2196 ὀλέσσαι;

292 2220 379 2303 ὦς
421 2226 550 2312 ἄρα
594 2227 908 2310 φωνήσας
953 2226 1120 2310 δόρυ
1164 2226 1442 2309 χάλκεον
1489 2222 1555 2301 ἐξ
1603 2222 1870 2307 ὠτειλῆς

208 2336 455 2415 εἴρυσε,
507 2329 622 2410 λὰξ
665 2330 989 2416 προσβάς,
1043 2331 1162 2394 τὸν
1209 2328 1271 2395 δ’
1327 2329 1558 2394 ὕπτιον
1605 2322 1719 2394 ὦσ’
1771 2327 1897 2395 ἀπὸ
1929 2330 2203 2414 δουρός.

208 2437 434 2503 αὐτίκα
481 2433 554 2503 δὲ
598 2436 720 2515 ξὺν
766 2433 959 2522 δουρὶ
1004 2431 1141 2520 μετ’
1184 2432 1656 2519 Αὐτομέδοντα
1700 2437 2033 2520 βεβήκειν,

207 2543 518 2610 ἀντίθεον
559 2542 937 2626 θεράποντα
982 2540 1317 2618 ποδώκεος
1361 2543 1713 2607 Αἰακίδαο·
2100 2557 2205 2608 865

210 2649 339 2715 ἵετο
380 2652 509 2737 γὰρ
554 2648 843 2732 βαλέειν·
888 2648 1004 2712 τὸν
1054 2641 1117 2712 δ’
1158 2650 1440 2732 ἔκφερον
1489 2645 1683 2725 ὠκέες
1728 2646 1913 2713 ἵπποι

210 2756 551 2843 ἄμβροτοι,
600 2755 716 2831 οὓς
760 2757 980 2849 Πηλῆι
1022 2750 1175 2819 θεοὶ
1221 2754 1429 2818 δόσαν
1479 2753 1687 2836 ἀγλαὰ
1733 2756 1931 2841 δῶρα.

902 3050 1376 3127 ΙΛΙΑΔΟΣ
1436 3050 1519 3126 Ρ.

794 3285 1211 3351 Μενελάου
1256 3282 1625 3365 ἀριστεία.

296 3388 443 3458 οὐδ’
488 3387 679 3455 ἔλαθ’
716 3387 974 3473 Ἀτρέος
1015 3390 1169 3456 υἱὸν
1215 3388 1572 3473 ἀρηίφιλον
1617 3388 1968 3454 Μενέλαον

221 3500 595 3581 Πάτροκλος
645 3496 940 3577 Τρώεσσι
984 3493 1211 3579 δαμεὶς
1255 3493 1330 3558 έν
1378 3494 1687 3573 δηιοτῆτι.

315 3611 512 3651 Ηοιιιι
538 3609 688 3649 Inue.
718 3608 781 3648 11.
1857 3593 1885 3637 7
