2525 3884
233 185 363 251 250
1023 185 1324 237 ῘΛῙΑΔΟΣ
1359 183 1426 236 Ω.

234 339 368 394 τῶν
412 328 633 394 ἄλλων
677 334 969 394 Δαναῶν
1010 325 1170 411 πρὶν
1215 320 1630 410 Πηλεῖωνάδ’
1681 321 2004 391 ίκέσθαι.“

324 429 412 511 ὧς
456 430 672 519 ἔφατ’,
718 430 863 500 οὐδ’
917 433 1201 517 ἀπίθησε
1248 433 1593 517 διάκτορος
1629 430 2086 517 ἀργεϊφόντης·

233 534 446 604 αὐτίκ’
498 534 711 604 ἔπειθ’
762 539 891 605 ὑπὸ
936 536 1178 605 ποσσὶν
1224 538 1502 621 ἐδήσατο
1547 537 1715 602 καλά
1756 534 1991 602 πέδιλα
2133 550 2238 600 340

235 643 568 731 ἀμβρόσια
613 646 915 730 χρύσεια,
960 645 1040 709 τά
1084 667 1200 728 μιν
1246 642 1459 729 φέρον
1501 638 1666 726 ἠμὲν
1713 637 1819 726 ἐφ’
1870 641 2081 726 ὑγρὴν

235 747 340 833 ἠδ’
394 744 494 816 ἐπ’
545 749 865 835 ἀπείρονα
908 760 1105 834 γαῖαν
1149 750 1285 834 ἅμα
1327 757 1564 834 πνοιῇς
1606 745 1900 833 ἀνέμοιο·

233 855 441 921 εἵλετο
488 853 563 922 δὲ
607 855 882 941 ῥάβδον,
926 864 1005 940 τῇ
1050 850 1107 920 τ’
1159 854 1427 939 ἀνδρῶν
1472 855 1727 939 ὄμματα
1769 852 2027 936 θέλγει,

144 1012 151 1017 .
231 955 328 1026 ὧν
374 961 619 1043 ἐθέλει,
664 964 821 1039 τοὺς
866 955 929 1027 δ’
979 954 1136 1026 αὖτε
1177 957 1289 1026 καὶ
1330 959 1718 1036 ὑπνώοντας
1761 958 2019 1045 ἐγείρει·

231 1067 354 1150 τὴν
397 1069 557 1151 μετὰ
590 1064 819 1153 χερσὶν
864 1068 1034 1152 ἔχων
1079 1065 1305 1132 πέτετο
1349 1068 1591 1151 κρατὺς
1625 1064 2076 1151 ἀργεϊφόντης.
2137 1076 2241 1128 845

231 1167 395 1250 αἶψα
441 1168 507 1238 δ’
559 1173 690 1259 ἄρα
742 1177 991 1260 Τροίην
1033 1195 1105 1237 τε
1146 1169 1258 1237 καὶ
1293 1168 1781 1254 Ἑλλήσποντον
1824 1170 2079 1252 ἵκανεν,

231 1280 316 1361 βῆ
364 1274 430 1342 δ’
483 1268 654 1344 ἰέναι
696 1279 917 1366 κούρω
955 1280 1393 1362 αἰσυμνητῆρι
1438 1275 1695 1359 ἐοικώς,
2123 1286 2128 1299 “

232 1393 496 1469 πρῶτον
538 1382 872 1470 ὑπηνήτῃ,
916 1391 1039 1450 τοῦ
1081 1405 1203 1465 περ
1248 1382 1635 1468 χαριεστάτη
1680 1381 1828 1465 ἥβη.

218 1514 237 1525 ²
320 1490 391 1554 οἱ
430 1483 497 1553 δ’
547 1488 686 1555 ἐπεὶ
732 1484 855 1555 οὖν
901 1487 1066 1573 μέγα
1111 1497 1286 1572 σῆμα
1330 1482 1531 1572 παρὲξ
1551 1484 1755 1551 Ἴλοιο
1800 1488 2114 1567 ἔλασσαν,

231 1603 480 1679 στῆσαν
525 1591 629 1680 ἄρ’
680 1593 997 1678 ἡμιόνους
1038 1615 1109 1658 τε
1152 1591 1263 1658 καὶ
1299 1592 1569 1674 ἵππους,
1616 1592 1794 1676 ὄφρα
1837 1593 2083 1672 πίοιεν,
2135 1606 2240 1677 350

232 1701 306 1766 ἐν
351 1708 645 1787 ποταμῷ·
694 1700 775 1783 δὴ
820 1699 947 1785 γὰρ
991 1695 1102 1763 καὶ
1147 1695 1252 1763 ἐπὶ
1297 1696 1547 1781 κνέφας
1589 1698 1806 1780 ἤλυθε
1847 1706 2061 1779 γαῖαν.

231 1807 348 1870 τὸν
389 1802 453 1870 δ’
497 1804 564 1884 ἐξ
610 1804 993 1890 ἀγχιμόλοιο
1041 1805 1204 1869 ἰδὼν
1250 1803 1624 1888 ἐφράσσατο
1668 1800 1871 1888 κῆρυξ

227 1912 573 1997 Ἑρμείαν,
616 1908 768 1976 ποτὶ
814 1906 888 1975 δὲ
935 1913 1242 1996 Πρίαμον
1288 1911 1459 1994 φάτο
1506 1906 1817 1994 φώνησέν
1862 1927 1955 1973 τε·

234 2018 557 2103 ,,φράζεο,
603 2017 1026 2103 Δαρδανίδη·
1073 2014 1364 2100 φραδέος
1407 2016 1573 2080 νόου
1618 2017 1778 2101 ἔργα
1820 2011 2136 2103 τέτυκται,

232 2120 422 2205 ἄνδρ’
474 2122 680 2208 ὁρόω,
726 2121 889 2207 τάχα
934 2117 996 2187 δ’
1048 2122 1219 2206 ἄμμε
1264 2121 1771 2206 διαρραίσεσθαι
1818 2119 1957 2184 ὀίω.
2134 2134 2238 2184 365

233 2226 375 2294 ἀλλ’
428 2229 545 2313 ἄγε
591 2228 674 2311 δὴ
722 2228 1072 2312 φεύγωμεν
1117 2224 1224 2311 ἐφ’
1276 2227 1524 2310 ἵππων,
1566 2227 1611 2310 ἥ
1656 2250 1772 2310 μιν
1817 2228 2037 2290 ἔπειτα

232 2335 499 2417 γούνων
545 2333 871 2420 ἁψάμενοι
916 2334 1410 2417 λιτανεύσομεν,
1456 2337 1532 2397 αἰ
1566 2328 1627 2397 κ’
1680 2331 1977 2417 έλεήσῃ.“

322 2433 411 2518 ὥς
446 2440 637 2525 φάτο,
675 2442 802 2505 σὺν
840 2435 915 2504 δὲ
949 2437 1212 2524 γέροντι
1247 2440 1407 2516 νόος
1439 2438 1631 2523 χύτο,
1677 2438 1882 2503 δείδιε
1919 2433 1980 2501 δ’
2015 2437 2238 2519 αἰνῶς,

233 2543 436 2631 ὀρθαὶ
481 2541 557 2610 δὲ
599 2547 815 2630 τρίχες
858 2546 1055 2611 ἔσταν
1101 2542 1201 2611 ἐνὶ
1244 2554 1646 2628 γναμπτοῖσι
1687 2542 2026 2629 μέλεσσιν,

235 2659 353 2734 στῆ
400 2646 476 2715 δὲ
519 2650 771 2734 ταφών.
819 2649 1018 2726 αὐτὸς
1062 2647 1124 2715 δ’
1169 2649 1499 2735 ἐριούνιος
1535 2648 1822 2733 ἐγγύθεν
1858 2648 2099 2731 ἐλθών,
2135 2665 2240 2714 360

239 2764 419 2841 χεῖρα
462 2753 775 2841 γέροντος
820 2752 988 2819 ἑλὼν
1034 2752 1313 2839 ἐξείρετο
1357 2751 1468 2819 καὶ
1510 2751 1922 2839 προσέειπεν·

234 2869 396 2946 ,,πῇ,
442 2861 666 2947 πάτερ,
713 2854 829 2925 ὧδ’
879 2859 1120 2936 ἵππους
1160 2882 1232 2925 τε
1276 2856 1387 2923 καὶ
1430 2858 1747 2943 ἡμιόνους
1792 2860 2050 2938 ἰθύνεις

239 2966 440 3031 νύκτα
485 2961 575 3031 δι’
602 2964 1030 3052 ἀμβροσίην,
1076 2965 1183 3029 ὅτε
1226 2960 1307 3029 θ’
1359 2965 1632 3030 εὕδουσι
1674 2964 1903 3051 βροτοὶ
1947 2968 2165 3047 ἄλλοις

236 3067 395 3137 οὐδὲ
440 3072 526 3136 σύ
571 3065 634 3153 γ’
687 3072 944 3147 ἔδεισας
977 3068 1176 3155 μένεα
1219 3073 1571 3148 πνείοντας
1607 3065 1934 3156 Ἀχαιούς,

237 3177 309 3242 οἵ
345 3198 450 3241 τοι
495 3174 848 3260 δυσμενέες
888 3173 1001 3241 καὶ
1045 3174 1349 3257 ἀνάρσιοι
1395 3174 1591 3260 ἐγγὺς
1632 3179 1847 3256 ἔασινς
2140 3192 2243 3244 865

236 3292 371 3346 τῶν
417 3288 483 3347 εί
518 3285 618 3359 τίς
661 3298 736 3346 σε
783 3282 993 3346 ἴδοιτο
1035 3283 1214 3365 θοὴν
1261 3282 1372 3346 διὰ
1412 3283 1622 3347 νύκτα
1664 3282 1981 3368 μέλαιναν

115 3376 122 3381 ’
234 3380 506 3452 τοσσάδ’
557 3382 798 3452 ὀνείατ’
849 3386 1128 3469 ἄγοντα,
1172 3389 1275 3462 τίς
1317 3384 1402 3451 ἂν
1448 3387 1532 3470 δή
1574 3409 1679 3453 τοι
1720 3390 1879 3466 νόος
1921 3394 2057 3473 εἴης

240 3489 376 3557 οὔτ’
432 3490 630 3570 αὐτὸς
672 3488 824 3568 νέος
869 3489 1018 3556 ἐσσί
1031 3554 1044 3566 ,
1087 3490 1305 3577 γέρων
1351 3489 1432 3556 δέ
1470 3513 1573 3556 τοι
1618 3487 1814 3570 οὗτος
1858 3492 2119 3577 ὀπηδεῖ,
