2525 3884
1001 159 1306 211 muoz
1341 161 1484 213 nv,
2162 159 2252 223 33

215 297 387 366 ἀλλ’
442 299 478 365 ὁ
524 295 648 383 μὲν
686 293 775 377 ὧς
819 298 1159 383 ἀπόλοιτο,
1205 303 1368 378 θεὸς
1413 300 1493 367 δέ
1534 299 1568 367 ἕ
1610 303 2032 387 σιφλώσειεν·

217 403 345 471 σοὶ
398 402 458 470 δ’
506 404 587 470 οὔ
630 425 733 470 πω
779 406 952 490 μάλα
995 406 1212 492 πάγχυ
1247 405 1401 473 θεοὶ
1446 407 1730 493 μάκαρες
1773 408 2148 493 κοτέουσιν,

218 508 385 577 ἀλλ’
433 512 530 575 ἔτι
571 531 704 576 που
758 511 1005 597 Τρώων
1048 511 1370 597 ἡγήτορες
1411 512 1532 596 ἠδὲ
1577 512 1890 598 μέδοντες

221 617 408 703 εὐρὺ
452 619 843 682 κονίσουσιν
885 618 1149 701 πεδίον,
1198 621 1285 685 σὺ
1331 614 1394 683 δ’
1445 619 1722 699 ἐπόψεαι
1765 619 1968 698 αὐτὸς
2147 637 2254 687 146

226 724 616 809 φεύγοντας
658 719 852 807 προτὶ
897 723 1061 787 ἄστυ
1107 733 1282 788 νεῶν
1326 724 1455 789 ἄπο
1500 722 1613 789 καὶ
1655 725 2035 791 κλισιάων.“

326 824 422 906 ὧς
466 828 671 893 εἰπὼν
714 825 856 912 μέγ’
908 830 1143 913 ἄυσεν,
1191 829 1633 915 ἐπεσσύμενος
1673 832 1949 897 πεδίοιο.

228 936 451 1001 ὅσσον
497 927 563 998 δ’
611 933 976 1018 ἐννεάχιλοι
1021 935 1293 1021 ἐπίαχον
1335 934 1379 1020 ἢ
1427 938 1758 1023 δεκάχιλοι

230 1037 479 1126 ἀνέρες
524 1038 597 1105 ἐν
640 1038 934 1128 πολέμῳ,
982 1043 1171 1127 ἔριδα
1216 1040 1615 1127 ξυνάγοντες
1639 1042 1915 1130 Ἄρηος,

234 1149 493 1229 τόσσην
540 1144 610 1211 ἐκ
654 1149 1027 1232 στήθεσφιν
1072 1148 1202 1214 ὄπα
1244 1151 1487 1233 κρείων
1533 1148 1905 1234 ἐνοσίχθων
2157 1165 2260 1214 150

230 1248 429 1336 ἧκεν·
469 1246 828 1336 Ἀχαιοῖσιν
874 1249 950 1318 δὲ
993 1250 1161 1336 μέγα
1206 1252 1454 1332 σθένος
1499 1252 1726 1339 ἔμβαλ’
1780 1253 2028 1344 ἑκάστῳ

233 1359 506 1445 καρδίῃ,
552 1359 876 1441 ἄλληκτον
919 1361 1289 1443 πολεμίζειν
1333 1356 1455 1442 ἠδὲ
1498 1359 1843 1445 μάχεσθαι.

313 1462 492 1550 Ἥρη
540 1460 602 1527 δ’
655 1464 894 1529 εἰσεῖδε
936 1468 1400 1551 χρυσόθρονος
1443 1464 1898 1549 ὀφθαλμοῖσιν

237 1566 430 1635 στᾶσ’
485 1567 550 1647 ἐξ
598 1570 983 1654 Οὐλύμποιο
1029 1570 1156 1638 ἀπὸ
1204 1570 1386 1656 ῥίου·
1434 1571 1667 1636 αὐτίκα
1714 1567 1776 1636 δ’
1830 1573 2001 1655 ἔγνω

234 1678 364 1741 τὸν
410 1671 532 1760 μὲν
577 1678 986 1743 ποιπνύοντα
1031 1678 1246 1762 μάχην
1293 1677 1421 1743 ἀνὰ
1462 1677 1921 1763 κυδιάνειραν,
2156 1692 2258 1744 166

239 1781 813 1866 αὐτοκασίγνητον
855 1780 968 1848 καὶ
1013 1781 1246 1870 δαέρα,
1292 1795 1478 1868 χαῖρε
1523 1780 1597 1850 δὲ
1641 1790 1869 1871 θυμῷ·

242 1892 433 1971 Ζῆνα
479 1879 541 1952 δ’
592 1882 693 1954 ἐπ’
743 1887 1101 1975 ἀκροτάτης
1143 1898 1443 1974 κορυφῆς
1485 1889 1935 1965 πολυπίδακος
1953 1887 2135 1970 Ἴδης

243 1995 500 2077 ἥμενον
545 1994 810 2077 εἰσεῖδε,
856 1995 1173 2080 στυγερὸς
1217 1993 1298 2059 δέ
1339 1995 1410 2060 οἱ
1450 1997 1676 2060 ἔπλετο
1720 2000 1941 2080 θυμῷ.

244 2097 597 2186 μερμήριξε
645 2095 704 2163 δ’
758 2101 977 2164 ἔπειτα
1022 2101 1270 2181 βοῶπις
1312 2100 1549 2164 πότνια
1578 2095 1782 2182 “Ηρη,

256 2207 483 2295 ὅππως
525 2204 922 2288 ἐξαπάφοιτο
967 2205 1136 2280 Διὸς
1168 2206 1335 2269 νόον
1380 2204 1722 2288 αἰγιόχοιο.
2156 2218 2259 2267 160

245 2311 370 2395 ἥδε
414 2308 496 2375 δέ
534 2310 605 2376 οί
641 2311 804 2375 κατὰ
846 2310 1073 2394 θυμὸν
1117 2308 1348 2396 ἀρίστη
1398 2309 1671 2392 φαίνετο
1717 2309 1958 2391 βουλή,

250 2417 478 2483 ἐλθεῖν
523 2418 617 2492 εἰς
632 2413 824 2498 Ἴδην
862 2414 936 2481 ἐὺ
984 2414 1353 2480 ἐντύνασαν
1398 2413 1434 2479 ἓ
1476 2412 1713 2497 αὐτήν,

251 2527 323 2588 εἰ
356 2544 493 2600 πως
538 2523 857 2608 ἱμείραιτο
902 2518 1397 2607 παραδραθέειν
1441 2521 1743 2605 φιλότητι

254 2619 297 2714 ᾗ
339 2636 552 2713 χροιῇ,
596 2628 686 2715 τῷ
733 2624 795 2692 δ’
844 2626 1063 2692 ὕπνον
1108 2625 1413 2710 ἀπήμονά
1455 2648 1525 2692 τε
1569 2627 1804 2711 λιαρόν
1847 2647 1917 2690 τε

254 2735 411 2820 χεύῃ
458 2730 564 2799 ἐπὶ
608 2733 1041 2819 βλεφάροισιν
1087 2727 1186 2796 ἰδὲ
1231 2729 1429 2818 φρεσὶ
1473 2734 1968 2817 πευκαλίμῃσιν.
2158 2744 2265 2796 166

256 2843 337 2924 βῆ
384 2837 447 2905 δ’
500 2845 648 2924 ἴμεν
694 2839 761 2916 ἐς
804 2839 1133 2924 θάλαμον,
1177 2840 1298 2903 τόν
1342 2839 1412 2902 οἱ
1452 2840 1646 2923 φίλος
1688 2837 1835 2913 υίὸς
1879 2833 2137 2914 ἔτευξεν

242 2932 625 3031 Ἥφαιστος,
670 2946 949 3022 πυκινὰς
994 2941 1068 3010 δὲ
1110 2945 1330 3030 θύρας
1375 2950 1775 3027 σταθμοῖσιν
1820 2941 2102 3028 ἐπῆρσεν

256 3054 468 3136 κληῖδι
512 3060 793 3139 κρυπτῇ·
836 3052 960 3135 τὴν
1006 3047 1067 3116 δ’
1121 3050 1203 3116 οὐ
1246 3051 1409 3126 θεὸς
1452 3049 1650 3125 ἄλλος
1694 3047 1968 3137 ἀνῷγεν.

259 3151 397 3223 ἔνθ’
446 3157 490 3241 ἥ
533 3152 598 3241 γ’
648 3159 1042 3224 εἰσελθοῦσα
1087 3156 1307 3241 θύρας
1351 3153 1632 3238 ἐπέθηκε
1677 3154 1972 3238 φαεινάς.

261 3264 578 3349 ἀμβροσίῃ
624 3259 746 3349 μὲν
788 3273 1054 3349 πρῶτον
1098 3261 1224 3326 ἀπὸ
1271 3260 1468 3347 χροὸς
1512 3260 1887 3346 ἱμερόεντος
2158 3272 2261 3322 170

262 3371 505 3455 λύματα
547 3369 763 3435 πάντα
806 3369 1131 3454 κάθηρεν,
1179 3367 1492 3446 ἀλείψατο
1530 3362 1605 3430 δὲ
1648 3363 1781 3430 λίπ’
1836 3365 2031 3453 ἐλαίῳ

266 3475 596 3565 ἀμβροσίῳ
644 3474 889 3561 ἑδανῷ,
934 3476 1009 3539 τό
1056 3472 1141 3558 ῥά
1187 3473 1259 3537 οἰ
1297 3466 1727 3552 τεθυωμένον
1771 3465 1918 3549 ἦεν·

356 3589 557 3631 Eoum
581 3588 735 3629 Inus.
758 3587 823 3628 11.
1913 3571 1945 3617 3
