2525 3884
38 236 41 359 ἱ

974 163 1276 215 mmor.
1312 164 1479 217 xm
2095 164 2224 231 103

212 322 498 409 ἀνδράσι
546 320 974 406 δυσμενέεσσι
1016 323 1228 387 πόνον
1271 321 1384 387 καὶ
1429 324 1622 409 δῆριν
1668 326 1903 390 ἔθεντο
1916 372 1935 408 ,

215 423 384 507 αἶψά
423 452 496 494 κε
541 428 932 514 Πάτροκλον
976 426 1384 512 ἐρυσαίμεθα
1410 427 1622 494 Ἴλιον
1667 436 1839 495 εἴσω.

208 537 290 599 εἰ
326 530 383 599 δ’
422 530 616 611 οὗτος
658 531 852 619 προτὶ
897 535 1061 599 ἄστυ
1105 532 1272 618 μέγα
1317 536 1649 620 Πριάμοιο
1694 537 1972 613 ἄνακτος
2118 555 2222 606 160

210 641 408 705 ἔλθοι
449 640 751 724 τεθνηὼς
793 644 909 706 καί
947 665 1062 724 μιν
1107 640 1515 726 ἐρυσαίμεθα
1560 642 1839 726 χάρμης,

210 739 382 822 αἶψά
423 769 538 811 κεν
576 741 858 830 Ἀργεῖοι
902 747 1345 833 Σαρπηδόνος
1388 749 1574 813 ἔντεα
1619 750 1786 813 καλά

209 852 515 935 λύσειαν,
561 855 681 917 καί
717 846 778 916 κ’
820 852 1028 931 αὐτὸν
1071 851 1400 937 ἀγοίμεθα
1425 852 1637 919 Ἴλιον
1682 859 1865 919 εἴσω·

204 960 402 1023 τοίου
444 958 570 1043 γὰρ
616 958 931 1044 θεράπων
973 952 1209 1042 πέφατ’
1251 956 1515 1043 ἀνέρος,
1564 959 1636 1038 ὃς
1681 957 1817 1044 μέγ’
1865 961 2132 1044 ἄριστος

199 1061 523 1147 Ἀργείων
566 1065 743 1149 παρὰ
786 1062 985 1147 νηυσὶ
1029 1061 1140 1129 καὶ
1186 1063 1539 1149 ἀγχέμαχοι
1582 1066 2004 1151 θεράποντες.
2119 1082 2219 1133 16⁶

205 1168 381 1233 ἀλλὰ
425 1169 508 1233 σύ
552 1165 618 1253 γ’
661 1174 948 1246 Αἴαντος
992 1172 1439 1253 μεγαλήτορος
1484 1171 1608 1236 οὐκ
1651 1171 2007 1249 ἐτάλασσας

207 1277 527 1357 στήμεναι
572 1276 765 1359 ἄντα,
811 1272 952 1341 κατ’
997 1278 1152 1343 ὄσσε
1200 1277 1365 1341 ἰδὼν
1411 1277 1621 1359 δηίων
1667 1276 1741 1342 ἐν
1784 1277 1978 1361 ἀυτῇ,

198 1364 368 1445 ὀὐδ’
411 1382 564 1457 ίθὺς
609 1380 1050 1466 μαχέσασθαι,
1098 1380 1235 1447 ἐπεὶ
1283 1379 1396 1448 σέο
1443 1381 1758 1469 φέρτερός
1803 1382 2045 1448 ἐστιν.“

300 1487 420 1552 τὸν
443 1483 504 1550 δ’
530 1484 635 1571 ἄρ’
661 1486 921 1573 ὑπόδρα
948 1488 1114 1552 ἰδὼν
1143 1487 1444 1574 προσέφη
1477 1490 1921 1571 κορυθαίολος
1941 1486 2220 1574 Ἕκτωρ·

113 1568 145 1677 ἡ,
206 1594 545 1677 ,,Γλαῦκε,
582 1593 652 1656 τί
687 1586 731 1674 ἦ
770 1588 844 1656 δὲ
881 1594 967 1656 σὺ
1008 1602 1188 1670 τοῖος
1232 1592 1362 1657 ἐὼν
1406 1590 1784 1679 ὑπέροπλον
1830 1595 2065 1674 ἔειπες,
2117 1612 2218 1661 170

206 1697 266 1760 ὢ
302 1698 531 1779 πόποι,
577 1690 619 1778 ἦ
655 1693 712 1761 τ’
757 1695 1018 1782 ἐφάμην
1064 1714 1138 1764 σε
1181 1696 1330 1785 περὶ
1368 1697 1616 1785 φρένας
1660 1703 1931 1785 ἔμμεναι
1967 1701 2187 1766 ἄλλων
2197 1751 2218 1784 ,

204 1812 381 1885 τῶν,
427 1803 616 1867 ὅσσοι
659 1806 919 1886 Λυκίην
966 1803 1332 1888 ἐριβώλακα
1374 1805 1823 1870 ναιετάουσιν·

203 1917 344 1973 νῦν
389 1906 468 1973 δέ
507 1925 625 1974 σευ
672 1908 1025 1993 ὠνοσάμην
1068 1911 1284 1993 πάγχυ
1330 1908 1609 1996 φρένας,
1656 1902 1802 1976 οἷον
1848 1913 2088 1994 ἔειπες,

205 2015 288 2091 ὅς
331 2012 405 2078 τέ
445 2038 525 2098 με
571 2014 702 2099 φῂς
746 2020 1003 2080 Αἴαντα
1047 2016 1376 2098 πελώριον
1422 2017 1542 2100 οὐχ
1586 2015 1956 2099 ὑπομεῖναι.

205 2119 298 2185 οὔ
344 2141 448 2183 τοι
490 2119 661 2203 ἐγὼν
708 2122 936 2206 ἔρριγα
980 2119 1193 2205 μάχην
1239 2118 1399 2187 οὐδὲ
1443 2122 1694 2187 κτύπον
1738 2121 1981 2186 ἵππων
2119 2139 2218 2189 175

203 2220 380 2290 ἀλλ’·
404 2227 538 2290 αἰεί
574 2247 644 2291 τε
690 2227 856 2302 Διὸς
899 2228 1224 2310 κρείσσων
1270 2230 1426 2303 νόος
1471 2228 1821 2310 αἰγιόχοιο,

206 2331 288 2407 ὃς
333 2351 405 2394 τε
446 2328 558 2396 καὶ
602 2332 879 2415 ἄλκιμον
923 2331 1136 2415 ἄνδρα
1181 2335 1385 2416 φοβεῖ
1422 2329 1534 2397 καὶ
1578 2329 1882 2415 ἀφείλετο
1928 2334 2122 2416 νίκην

207 2434 518 2518 ῥηιδίως,
563 2430 671 2499 ὁτὲ
716 2431 775 2499 δ’
812 2433 1010 2510 αὐτὸς
1055 2434 1399 2519 ἐποτρύνει
1443 2433 1875 2521 μαχέσασθαι.

208 2532 360 2604 ἀλλ’
392 2539 507 2622 ἄγε
553 2540 782 2624 δεῦρο,
827 2537 1067 2622 πέπον,
1112 2536 1266 2626 παρ’
1304 2537 1402 2624 ἔμ’
1437 2540 1664 2607 ἵστασο
1701 2538 1813 2606 καὶ
1851 2542 1951 2608 ἴδε
1989 2544 2220 2628 ἔργον,

210 2643 291 2730 ἠὲ
335 2644 734 2732 πανημέριος
775 2647 975 2722 κακὸς
1019 2648 1323 2731 ἔσσομαι,
1370 2646 1458 2723 ὡς
1503 2647 1869 2733 ἀγορεύεις,
2116 2665 2220 2715 180

208 2748 253 2836 ἦ
300 2751 450 2816 τινὰ
493 2747 604 2815 καὶ
646 2755 968 2832 Δαναῶν,
1017 2749 1215 2834 ἀλκῆς
1258 2751 1433 2835 μάλα
1477 2772 1597 2837 περ
1646 2762 1982 2837 μεμαῶτα,

209 2858 437 2942 σχήσω
482 2854 883 2941 ἀμυνέμεναι
925 2853 1076 2941 περὶ
1121 2859 1535 2941 Πατρόκλοιο
1581 2858 1974 2934 θανόντος.“

305 2957 393 3039 ὦς
437 2964 638 3029 εἰπὼν
689 2964 1025 3049 Τρώεσσιν
1071 2962 1364 3029 ἐκέκλετο
1410 2964 1665 3049 μακρὸν
1710 2962 1944 3041 ἀύσας·

210 3071 485 3154 ,,Τρῶες
528 3066 639 3134 καὶ
682 3071 923 3136 Λύκιοι
966 3066 1078 3134 καὶ
1122 3070 1470 3155 Δάρδανοι
1515 3069 1973 3154 ἀγχιμαχηταί,

211 3173 444 3258 ἀνέρες
487 3177 661 3257 ἔστε,
708 3178 923 3259 φίλοι,
970 3177 1316 3258 μνήσασθε
1363 3171 1437 3239 δὲ
1480 3175 1803 3260 θούριδος
1848 3175 2075 3260 ἀλκῆς,
2099 3191 2220 3241 -185

214 3276 371 3363 ὄφρ’
406 3277 490 3343 ἂν
535 3280 706 3364 ἐγὼν
744 3277 1038 3365 Ἀχιλῆος
1082 3280 1422 3365 ἀμύμονος
1467 3282 1653 3347 ἔντεα
1699 3281 1838 3345 δύω

213 3386 409 3467 καλά,
454 3387 535 3450 τὰ
583 3387 994 3472 Πατρόκλοιο
1040 3389 1196 3470 βίην
1242 3383 1510 3470 ἐνάριξα
1552 3385 1932 3461 κατακτάς.“

304 3485 391 3569 ὧς
434 3492 562 3579 ἄρα
607 3493 924 3577 φωνήσας
968 3491 1176 3575 ἀπέβη
1220 3492 1666 3576 κορυθαίολος
1694 3487 1945 3572 ’Ἐκτωρ
