2525 3884
1016 192 1322 243 mAAoz
1357 192 1502 247 xxv.
2177 187 2263 254 35

214 335 447 417 γαίης
492 331 695 417 νέρθε
739 337 1010 398 καθεῖσε
1053 331 1164 399 καὶ
1210 333 1593 420 ἀτρυγέτοιο
1636 332 2004 416 θαλάσσης·

212 440 407 514 τοὺς
450 433 579 523 εἶμ’
630 437 954 523 ὀψομένη,
1000 442 1117 504 καί
1156 435 1273 524 σφ’
1325 440 1555 525 ἄκριτα
1597 441 1815 504 νείκεα
1861 439 2060 504 λύσω.
2159 454 2262 504 205

90 598 105 611 .
218 546 378 628 ἤδη
425 546 552 629 γὰρ
599 546 808 629 δηρὸν
851 547 1099 631 χρόνον
1144 545 1450 628 ἀλλήλων
1493 543 1844 629 ἀπέχονται

223 650 448 733 εὐνῆς
491 648 603 716 καὶ
648 653 1028 735 φιλότητος,
1076 649 1218 716 ἐπεὶ
1263 653 1460 735 χόλος
1505 653 1742 736 ἔμπεσε
1784 656 2001 739 θυμῷ.

224 757 301 820 εί
348 758 553 820 κείνω
598 751 661 839 γ’
702 754 962 821 ἐπέεσσι
1004 762 1587 842 παραιπεπιθοῦσα
1633 758 1835 840 φίλον
1876 764 1999 839 κῆρ

227 863 338 938 εἰς
389 861 595 945 εὐνὴν
641 860 945 947 ἀνέσαιμι
990 861 1341 947 ὁμωθῆναι
1386 864 1717 947 φιλότητι,

229 969 389 1032 αίεί
425 965 506 1031 κέ
545 983 667 1052 σφι
710 970 873 1052 φίλη
919 991 990 1033 τε
1034 965 1146 1033 καὶ
1189 969 1411 1051 αίδοίη
1456 971 1879 1052 καλεοίμην.“
2159 982 2262 1032 210

330 1072 462 1155 τὴν
508 1067 569 1136 δ’
619 1067 776 1138 αὖτε
817 1071 1166 1158 προσέειπε
1209 1074 1647 1158 φιλομμειδὴς
1687 1070 2071 1159 Ἀφροδίτη·

231 1157 420 1260 »οὐκ
466 1172 597 1243 ἔστ’
648 1174 808 1244 οὐδὲ
852 1181 1023 1244 ἔοικε
1067 1180 1219 1244 τεὸν
1265 1181 1419 1256 ἔπος
1464 1178 1913 1263 ἀρνήσασθαι·

126 1344 131 1355 .
234 1285 468 1366 Ζηνὸς
507 1285 635 1370 γὰρ
681 1293 802 1350 τοῦ
824 1284 1122 1369 -ἀρίστου
1165 1283 1240 1350 ἐν
1286 1284 1673 1370 ἀγκοίνῃσιν
1721 1284 1987 1361 ίαύεις.“

205 1463 213 1469 ,
329 1385 377 1473 ἦ
422 1388 533 1455 καὶ
578 1390 704 1456 ἀπὸ
750 1392 1121 1475 στήθεσφιν
1168 1391 1446 1457 ἐλύσατο
1490 1391 1729 1456 κεστὸν
1778 1390 2013 1474 ἱμάντα

234 1499 572 1579 ποικίλον,
619 1499 791 1562 ἔνθα
834 1495 909 1562 τέ
949 1498 1021 1562 οἱ
1056 1499 1416 1581 θελκτήρια
1460 1497 1675 1562 πάντα
1719 1493 2014 1561 τέτυκτο·
2159 1511 2262 1562 215

238 1598 396 1667 ἔνθ’
450 1604 552 1667 ἔνι
595 1599 718 1687 μὲν
762 1605 1066 1687 φιλότης,
1114 1603 1187 1669 ἐν
1234 1600 1296 1668 δ’
1349 1603 1603 1688 ἵμερος,
1651 1602 1725 1668 ἐν
1772 1598 1833 1667 δ’
1885 1600 2193 1687 ὀαριστὺς

238 1708 618 1793 πάρφασις,
661 1708 705 1791 ἥ
748 1705 806 1772 τ’
861 1711 1091 1787 ἔκλεψε
1133 1711 1300 1775 νόον
1344 1710 1520 1775 πύκα
1563 1731 1686 1795 περ
1731 1711 2176 1795 φρονεόντων.

231 1817 366 1913 τόν
405 1812 491 1898 ῥά
528 1815 598 1879 οἱ
627 1816 867 1908 ἔμβαλε
902 1817 1159 1899 χερσίν,
1205 1817 1361 1892 ἔπος
1393 1813 1453 1880 τ’
1488 1809 1676 1900 ἔφατ’
1720 1817 1791 1880 ἔκ
1825 1810 1883 1879 τ’
1918 1812 2263 1897 ὀνόμαζεν·

243 1928 372 2003 ,,τῆ
418 1928 579 2004 νῦν,
624 1929 864 1986 τοῦτον
911 1921 1149 2006 ἱμάντα
1190 1929 1317 2009 τεῷ
1365 1921 1682 2005 ἐγκάτθεο
1726 1922 1947 2008 κόλπῳ

193 2080 203 2087 .
243 2028 580 2109 ποικίλον,
628 2018 680 2117 «ᾗ
727 2029 830 2092 ἔνι
872 2027 1087 2092 πάντα
1130 2028 1529 2112 τετεύχαται·
1578 2023 1742 2091 οὐδέ
1782 2022 1861 2089 σε’
1902 2046 2072 2109 φημι
2160 2041 2263 2090 220

248 2133 585 2216 ἄπρηκτόν
629 2156 705 2215 γε
748 2131 1053 2216 νέεσθαι,
1100 2133 1137 2199 ὅ
1180 2155 1244 2197 τι
1292 2130 1489 2217 φρεσὶ
1534 2139 1687 2216 σῇσι
1731 2132 2105 2217 μενοινᾷς.“

342 2233 430 2315 ὧς
474 2239 664 2323 φάτο,
712 2240 1024 2323 μείδησεν
1072 2234 1145 2304 δὲ
1188 2241 1438 2323 βοῶπις
1481 2240 1716 2303 πότνια
1744 2235 1947 2322 “”Ηρη,

204 2339 211 2343 ’
254 2345 620 2429 μειδήσασα
666 2342 727 2411 δ’
781 2347 999 2411 ἔπειτα
1046 2343 1130 2433 ἑῷ
1177 2343 1530 2428 ἐγκάτθετο
1575 2346 1815 2432 κόλπφ.

347 2449 387 2533 ἡ
430 2447 553 2535 μὲν
597 2454 714 2535 ἔβη
759 2452 925 2537 πρὸς
970 2452 1157 2534 δῶμα
1201 2451 1371 2527 Διὸς
1412 2450 1718 2536 θυγάτηρ
1758 2447 2142 2536 Ἀφροδίτη,

241 2557 411 2640 ’Ἠρη
457 2549 519 2619 δ’
571 2553 805 2633 ἀίξασα
848 2557 1038 2620 λίπεν
1083 2553 1234 2640 ῥίον
1283 2553 1696 2639 Οὐλύμποιο,
2160 2570 2264 2620 225

260 2663 535 2747 Πιερίην
581 2655 642 2726 δ’
694 2660 972 2745 ἐπιβᾶσα
1015 2660 1126 2727 καὶ
1165 2655 1499 2751 Ἠμαθίην
1542 2660 1876 2747 ἐρατεινὴα

266 2763 475 2831 σεύατ’
529 2764 634 2851 ἐφ’
689 2767 1073 2833 ἱπποπόλων
1119 2769 1399 2852 Θρῃκῶν
1445 2768 1604 2851 ὄρεα
1648 2768 1997 2851 νιφόεντα,
2185 2846 2189 2851 ,

266 2872 612 2957 ἀκροτάτας
654 2873 985 2959 κορυφάς,
1031 2869 1191 2938 οὐδὲ
1234 2873 1452 2957 χθόνα
1497 2872 1746 2958 μάρπτε
1789 2872 2082 2937 ποδοῖιν·

269 2977 330 3056 ἐξ
365 2975 575 3044 Ἀθόω
624 2974 686 3043 δ’
740 2975 846 3044 ἐπὶ
889 2979 1138 3043 πόντον
1183 2976 1452 3062 ἐβήσετο
1497 2980 1923 3062 κυμαίνοντα.

270 3087 528 3169 Λῆμνον
575 3078 635 3149 δ’
688 3085 1104 3169 εἰσαφίκανε,
1148 3085 1345 3149 πόλιν
1387 3084 1605 3149 θείοιο
1652 3085 1975 3161 Θόαντος·
2163 3100 2266 3151 230

273 3186 403 3255 ἔνθ’
435 3188 655 3279 ’Ῥπνφ
702 3189 1062 3275 ξύμβλητο,
1107 3192 1479 3278 κασιγνήτω
1526 3191 1887 3273 Θανάτοιο,

275 3298 338 3360 ἒν
374 3290 428 3360 τ’
479 3296 607 3380 ἄρα
654 3296 727 3360 οί
765 3303 861 3381 φῦ
905 3296 1105 3381 χειρί,
1151 3297 1305 3372 ἔπος
1348 3294 1414 3359 τ’
1463 3290 1650 3380 ἔφατ’
1702 3298 1774 3362 ἔκ
1816 3293 1874 3359 τ’
1918 3293 2265 3380 ὀνόμαζεν·

276 3399 504 3485 ,ξ’Ὶῑπνε,
550 3399 712 3479 ἅναξ
756 3401 1025 3465 πάντων
1069 3422 1139 3466 τε
1182 3407 1366 3466 θεῶν
1417 3399 1683 3465 πάντων
1738 3397 1798 3463 τ’
1855 3399 2264 3481 ἀνθρώπων,

277 3505 417 3592 ἠμὲν
462 3509 544 3588 δή
590 3500 735 3571 ποτ’
788 3506 949 3590 ἐμὸν
995 3507 1149 3582 ἔπος
1192 3507 1444 3584 ἔκλυες,
1490 3497 1598 3582 ἠδ’
1649 3505 1745 3565 ἔτι
1788 3499 1897 3563 καὶ
1914 3508 2071 3631 *νῦν

1869 3604 1901 3651 3
