2525 3884
1009 212 1311 264 ῙΑῙΑΔοΣ
1346 215 1496 268 xm.
2164 210 2253 275 25

220 357 477 438 Τρῶες
523 351 596 419 δὲ
641 354 1037 438 μεγάθυμοι,
1084 353 1221 420 ἐπεὶ
1264 356 1429 420 κατά
1472 367 1684 440 τεῖχος
1728 360 1995 441 ἔβησαν,

212 460 298 523 οἶ
347 456 481 543 μὲν
528 458 891 543 ἀφεστᾶσιν
938 463 1066 525 σὺν
1109 461 1431 544 τεύχεσιν,
1480 462 1552 526 οί
1589 458 1664 526 δὲ
1708 463 2028 547 μάχονται

207 567 643 649 παυρότεροι
687 566 1056 648 πλεόνεσσι,
1100 565 1539 643 κεδασθέντες
1582 569 1745 631 κατὰ
1787 577 1971 652 νῆας.

212 665 391 734 ἀλλ’
424 669 961 753 ἀναχασσάμενος
994 671 1178 736 κάλει
1214 670 1462 737 ἐνθάδε
1497 671 1745 748 πάντας
1773 672 2099 756 ἀρίστους.
2149 689 2253 739 'uo

214 779 451 841 ἔνθεν
496 770 560 840 δ’
613 774 697 840 ἄν
742 776 915 859 μάλα
957 785 1176 842 πᾶσαν
1222 776 1801 862 ἐπιφρασσαίμεθα
1844 780 2118 863 βουλήν,

216 885 268 966 ἤ
324 906 454 948 κεν
500 880 600 948 ἐνὶ
645 884 875 964 νήεσσι
911 885 1304 965 πολυκλήισι
1346 882 1669 969 πέσωμεν,

218 984 310 1055 αἴ
356 982 422 1053 κ’
471 987 743 1073 ἐθέλῃσι
784 989 945 1065 θεὸς
989 989 1264 1072 δόμεναι
1307 989 1565 1073 κράτος,
1609 989 1651 1073 ἧ
1696 1014 1812 1056 κεν
1858 994 2077 1058 ἔπειτα

215 1096 381 1179 πὰρ
427 1104 610 1177 νηῶν
656 1096 959 1179 ἐλκθωμεν
1005 1094 1352 1180 ἀπήμονες.
1425 1091 1467 1178 ἦ
1510 1098 1638 1181 γὰρ
1685 1095 1815 1180 ἐγώ
1858 1122 1936 1181 γε

222 1203 479 1284 δείδω,
512 1202 600 1285 μὴ
645 1201 722 1266 τὸ
767 1202 999 1285 χθιζὸν
1044 1200 1545 1285 ἀποστήσωνται
1582 1199 1828 1287 Ἀχαιοὶ
2150 1218 2254 1268 ’146

222 1319 484 1394 χρεῖος,
531 1303 669 1372 ἐπεὶ
712 1308 891 1392 παρὰ
933 1303 1178 1389 νηυσὶν
1223 1307 1394 1392 ἀνὴρ
1441 1302 1596 1383 ἆτος
1639 1308 1952 1393 πολέμοιο

227 1418 492 1501 μίμνει,
540 1412 621 1478 ὃν
668 1412 887 1477 οὐκέτι
929 1410 1145 1496 πάγχυ
1190 1411 1399 1496 μάχης
1444 1416 1813 1496 σχήσεσθαι
1857 1413 1994 1480 ὀίω.
1997 1416 2042 1452 “

335 1513 426 1595 ὧς
461 1518 632 1602 φάτο
661 1518 1128 1602 Πουλυδάμας,
1151 1518 1271 1583 αδε
1300 1516 1367 1583 δ’
1396 1516 1662 1605 Ἕκτορι
1698 1525 1917 1604 μῦθος
1952 1488 2251 1606 ἀπήμων,

234 1626 509 1709 [αὐτίκα
555 1619 616 1689 δ’
669 1622 735 1702 ἐξ
782 1621 990 1708 ὀχέων
1035 1626 1163 1689 σὺν
1205 1625 1509 1709 τεύχεσιν
1554 1619 1710 1691 ἆλτο
1756 1629 2046 1712 χαμᾶζε,]

234 1735 368 1799 καί
405 1754 534 1816 μιν,
562 1732 880 1813 φωνήσας
924 1731 1079 1795 ἔπεα
1123 1732 1483 1815 πτερόεντα
1527 1734 1903 1816 προσηύδα·
2148 1749 2253 1799 ‘150

179 1865 183 1869 ’
235 1836 727 1923 ,,Πουλυδάμα,
776 1837 861 1899 σὺ
906 1831 1028 1919 μὲν
1073 1835 1282 1901 αὐτοῦ
1319 1836 1593 1922 ἐρύκακε
1638 1839 1885 1917 πάντας
1921 1839 2250 1925 ἀρίστους,

240 1948 455 2027 αὐτὰρ
501 1943 649 2038 ἐγὼ·
675 1938 848 2007 κεῖσ’
901 1935 1034 2026 εἶμι
1076 1939 1190 2007 καὶ
1235 1942 1476 2025 ἀντιόω
1522 1944 1863 2028 πολέμοιο·

10 2114 15 2125 μ
117 2081 125 2087 ·
238 2047 410 2129 αἶψα
456 2042 517 2114 δ’
561 2049 908 2133 ἐλεύσομαι
954 2042 1159 2132 αὖτις,
1207 2048 1372 2133 ἐπὴν
1418 2050 1493 2116 ἐὺ
1538 2060 1679 2125 τοῖς
1723 2049 2083 2114 ἐπιτείλω.“

339 2153 381 2240 ἦ
427 2155 510 2242 ῥα
552 2153 663 2219 καὶ
707 2155 988 2238 ὡρμήθη
1036 2155 1182 2241 ὄρει·
1219 2157 1526 2240 νιφόεντι
1570 2155 1819 2237 ἐοικώς,

237 2261 595 2345 κεκληγώς,
642 2261 754 2325 διὰ
799 2256 873 2325 δὲ
924 2260 1173 2346 Τρώων
1215 2257 1424 2327 πέτετ’
1467 2256 1573 2343 ἠδ’
1626 2259 2013 2348 ἐπικούρων.
2149 2278 2252 2329 ’166

241 2369 320 2435 οἱ
358 2365 425 2438 δ’
478 2366 545 2445 ἐς
593 2366 995 2448 Πανθοΐδην
1041 2366 1429 2452 ἀγαπήνορα
1476 2367 2013 2452 Πουλυδάμαντα

242 2475 487 2550 πάντες
532 2469 976 2555 ἐπεσσεύοντ’,
1025 2470 1162 2539 ἐπεὶ
1190 2470 1510 2558 Ἕκτορος
1555 2475 1793 2538 ἔκλυον
1839 2473 2071 2556 αὐδήν.

243 2581 454 2666 αὐτὰρ
499 2579 535 2646 ὁ
581 2580 941 2663 Δηίφοβόν
982 2601 1053 2643 τε
1097 2581 1254 2662 βίην
1297 2575 1373 2644 θ’
1416 2575 1711 2645 Ἑλένοιο
1759 2580 2040 2654 ἄνακτος

233 2686 549 2770 Ἀσιάδην
592 2679 652 2749 τ’
694 2681 1064 2767 Ἀδάμαντα
1106 2683 1217 2749 καὶ
1242 2683 1475 2751 ’Ἇσιον
1511 2682 1531 2710 ‘
1551 2685 1850 2771 Υρτάκου
1894 2685 2047 2751 υἱὸν

243 2797 443 2879 φοίτα
487 2792 615 2857 ἀνὰ
657 2791 1037 2877 προμάχους
1082 2791 1442 2875 διζήμενος,
1490 2796 1556 2855 εἴ
1590 2811 1721 2855 που
1768 2789 2057 2877 ἐφεύροι.
2148 2807 2251 2857 ⁷60

142 2923 153 2930 ·
241 2902 400 2976 τοὺς
426 2894 487 2963 δ’
524 2892 662 2983 εὗρ’
698 2895 918 2962 οὐκέτι
953 2896 1223 2980 πάμπαν
1259 2896 1601 2981 ἀπήμονας
1636 2893 1786 2961 οὐδ’
1818 2895 2249 2982 ἀνολέθρους,

243 3003 385 3071 ἀλλ’
441 3005 512 3069 οἱ
549 3000 673 3088 μὲν
720 3004 803 3086 δὴ
848 2999 1093 3084 νηυσὶν
1139 3004 1246 3068 ἔπι
1288 3011 1669 3087 πρυμνῇσιν
1708 2999 1986 3087 Ἀχαιῶν

241 3108 470 3196 χερσὶν
515 3106 625 3174 ὑπ’
671 3106 990 3195 Ἀργείων
1033 3107 1224 3174 κέατο
1270 3110 1485 3193 ψυχὰς
1530 3108 1896 3192 ὀλέσαντες,

247 3218 318 3282 οἱ
357 3212 426 3282 δ’
479 3216 553 3281 ἐν
597 3218 795 3300 τείχει
841 3218 1001 3280 ἔσαν
1046 3214 1441 3298 βεβλημένοι
1486 3215 1846 3300 οὐτάμενοί
1880 3237 1968 3280 τε.

244 3325 361 3388 τὸν
407 3320 482 3388 δὲ
525 3316 666 3407 τάχ’
720 3315 874 3408 εὗρε
920 3317 1128 3406 μάχης
1173 3314 1274 3386 ἐπ’
1325 3319 1634 3406 ἀριστερὰ
1680 3319 2127 3406 δακρυοέσσης
2147 3335 2249 3385 '166

249 3430 398 3494 δῖον
436 3426 900 3513 Ἀλέξανδρον,
938 3421 1207 3509 Ἑλένης
1250 3428 1450 3490 πόσιν
1494 3426 1836 3509 ἠυκόμοιο,

242 3529 665 3621 θαρσύνονθ’
719 3531 992 3617 ἑτάρους
1035 3529 1148 3595 καὶ
1193 3529 1641 3612 ἐποτρύνοντα
1686 3527 2027 3609 μάχεσθαι.
