<?xml version="1.0" encoding="UTF-8"?>
<!DOCTYPE html PUBLIC "-//W3C//DTD XHTML 1.0 Transitional//EN"
    "http://www.w3.org/TR/xhtml1/DTD/xhtml1-transitional.dtd">
<html xmlns="http://www.w3.org/1999/xhtml" xml:lang="en" lang="en">
 <head>
  <title>
</title>
<meta http-equiv="Content-Type" content="text/html;charset=utf-8" />
  <meta name='ocr-system' content='tesseract 3.04.00' />
  <meta name='ocr-capabilities' content='ocr_page ocr_carea ocr_par ocr_line ocrx_word'/>
</head>
<body>
  <div class='ocr_page' id='page_1' title='image "./homeriilias00wolfgoog_0078.png"; bbox 0 0 2525 3884; ppageno 0'>
   <div class='ocr_carea' id='block_1_1' title="bbox 304 168 1514 263">
    <p class='ocr_par' dir='ltr' id='par_1_1' title="bbox 304 168 1514 263">
     <span class='ocr_line' id='line_1_1' title="bbox 304 168 1514 263; baseline -0.009 0"><span class='ocrx_word' id='word_1_1' title='bbox 304 198 389 263; x_wconf 84' lang='lat'><strong><em>66</em></strong></span> <span class='ocrx_word' id='word_1_2' title='bbox 590 168 601 179; x_wconf 53' lang='lat'>⁸</span> <span class='ocrx_word' id='word_1_3' title='bbox 1110 200 1412 252; x_wconf 74' lang='lat' dir='ltr'>IAIAAoz</span> <span class='ocrx_word' id='word_1_4' title='bbox 1452 201 1514 252; x_wconf 91' lang='lat'><strong><em>0.</em></strong></span> 
     </span>
    </p>
   </div>
   <div class='ocr_carea' id='block_1_2' title="bbox 240 336 2393 2966">
    <p class='ocr_par' dir='ltr' id='par_1_2' title="bbox 240 336 2393 2966">
     <span class='ocr_line' id='line_1_2' title="bbox 302 336 2337 428; baseline 0 -22"><span class='ocrx_word' id='word_1_5' title='bbox 302 346 470 426; x_wconf 84' lang='grc' dir='ltr'><strong><em>βοῦν</em></strong></span> <span class='ocrx_word' id='word_1_6' title='bbox 517 344 671 426; x_wconf 81' lang='grc' dir='ltr'><strong><em>ἔδει,</em></strong></span> <span class='ocrx_word' id='word_1_7' title='bbox 719 344 794 408; x_wconf 78' lang='grc' dir='ltr'><strong><em>αἱ</em></strong></span> <span class='ocrx_word' id='word_1_8' title='bbox 832 341 912 408; x_wconf 84' lang='grc' dir='ltr'><strong><em>δέ</em></strong></span> <span class='ocrx_word' id='word_1_9' title='bbox 954 366 1025 408; x_wconf 89' lang='grc' dir='ltr'><strong><em>τε</em></strong></span> <span class='ocrx_word' id='word_1_10' title='bbox 1069 351 1273 408; x_wconf 82' lang='grc' dir='ltr'><strong><em>πᾶσαι</em></strong></span> <span class='ocrx_word' id='word_1_11' title='bbox 1318 340 1710 428; x_wconf 76' lang='grc' dir='ltr'><strong><em>ὑπέτρεσαν·</em></strong></span> <span class='ocrx_word' id='word_1_12' title='bbox 1757 336 1847 418; x_wconf 82' lang='grc' dir='ltr'><strong><em>ὧς</em></strong></span> <span class='ocrx_word' id='word_1_13' title='bbox 1889 338 2014 405; x_wconf 89' lang='grc' dir='ltr'><strong><em>τότ’</em></strong></span> <span class='ocrx_word' id='word_1_14' title='bbox 2062 337 2337 425; x_wconf 78' lang='grc' dir='ltr'><strong><em>’Λχαιοὶ</em></strong></span> 
     </span>
     <span class='ocr_line' id='line_1_3' title="bbox 254 442 2084 533; baseline -0.002 -19"><span class='ocrx_word' id='word_1_15' title='bbox 254 464 265 469; x_wconf 87' lang='grc'><strong><em>’</em></strong></span> <span class='ocrx_word' id='word_1_16' title='bbox 309 452 678 526; x_wconf 78' lang='grc' dir='ltr'><strong><em>θεσπεσίως</em></strong></span> <span class='ocrx_word' id='word_1_17' title='bbox 723 448 1061 533; x_wconf 79' lang='grc' dir='ltr'><strong><em>ἐφόβηθεν</em></strong></span> <span class='ocrx_word' id='word_1_18' title='bbox 1105 442 1225 532; x_wconf 81' lang='grc' dir='ltr'><strong><em>ὑφ’</em></strong></span> <span class='ocrx_word' id='word_1_19' title='bbox 1260 445 1526 532; x_wconf 87' lang='grc' dir='ltr'><strong><em>Ἕκτορι</em></strong></span> <span class='ocrx_word' id='word_1_20' title='bbox 1569 443 1681 511; x_wconf 81' lang='grc' dir='ltr'><strong><em>καὶ</em></strong></span> <span class='ocrx_word' id='word_1_21' title='bbox 1724 444 1844 511; x_wconf 85' lang='grc' dir='ltr'><strong><em>Διὶ</em></strong></span> <span class='ocrx_word' id='word_1_22' title='bbox 1886 443 2084 532; x_wconf 80' lang='grc' dir='ltr'><strong><em>πατρὶ</em></strong></span> 
     </span>
     <span class='ocr_line' id='line_1_4' title="bbox 304 549 2141 638; baseline -0.001 -19"><span class='ocrx_word' id='word_1_23' title='bbox 304 554 563 637; x_wconf 89' lang='grc' dir='ltr'><strong><em>πάντες,</em></strong></span> <span class='ocrx_word' id='word_1_24' title='bbox 611 555 646 621; x_wconf 87' lang='grc' dir='ltr'>ὁ</span> <span class='ocrx_word' id='word_1_25' title='bbox 694 550 755 621; x_wconf 91' lang='grc' dir='ltr'><strong><em>δ’</em></strong></span> <span class='ocrx_word' id='word_1_26' title='bbox 807 549 952 621; x_wconf 82' lang='grc' dir='ltr'><strong><em>οἷον</em></strong></span> <span class='ocrx_word' id='word_1_27' title='bbox 999 556 1240 638; x_wconf 78' lang='grc' dir='ltr'><strong><em>ἔπεφνε</em></strong></span> <span class='ocrx_word' id='word_1_28' title='bbox 1286 556 1687 637; x_wconf 77' lang='grc' dir='ltr'><strong><em>Μυκηναῖον</em></strong></span> <span class='ocrx_word' id='word_1_29' title='bbox 1735 555 2141 638; x_wconf 78' lang='grc' dir='ltr'><strong><em>Περιφήτην,</em></strong></span> 
     </span>
     <span class='ocr_line' id='line_1_5' title="bbox 305 659 1970 747; baseline -0.001 -22"><span class='ocrx_word' id='word_1_30' title='bbox 305 663 617 747; x_wconf 78' lang='grc' dir='ltr'><strong><em>Κοπρῆος</em></strong></span> <span class='ocrx_word' id='word_1_31' title='bbox 659 665 862 746; x_wconf 81' lang='grc' dir='ltr'><strong><em>φίλον</em></strong></span> <span class='ocrx_word' id='word_1_32' title='bbox 907 662 1082 743; x_wconf 80' lang='grc' dir='ltr'><strong><em>υἱόν,</em></strong></span> <span class='ocrx_word' id='word_1_33' title='bbox 1129 660 1202 737; x_wconf 87' lang='grc' dir='ltr'><strong><em>ὃς</em></strong></span> <span class='ocrx_word' id='word_1_34' title='bbox 1245 659 1647 744; x_wconf 76' lang='grc' dir='ltr'><strong><em>Εὐρυσθῆος</em></strong></span> <span class='ocrx_word' id='word_1_35' title='bbox 1691 660 1970 737; x_wconf 77' lang='grc' dir='ltr'><strong><em>ἄνακτος</em></strong></span> 
     </span>
     <span class='ocr_line' id='line_1_6' title="bbox 307 760 2329 852; baseline 0 -21"><span class='ocrx_word' id='word_1_36' title='bbox 307 765 613 849; x_wconf 75' lang='grc' dir='ltr'><strong><em>ἀγγελίης</em></strong></span> <span class='ocrx_word' id='word_1_37' title='bbox 658 772 952 852; x_wconf 79' lang='grc' dir='ltr'><strong><em>οἴχνεσκε</em></strong></span> <span class='ocrx_word' id='word_1_38' title='bbox 997 768 1109 850; x_wconf 78' lang='grc' dir='ltr'><strong><em>βίῃ</em></strong></span> <span class='ocrx_word' id='word_1_39' title='bbox 1146 760 1539 850; x_wconf 80' lang='grc' dir='ltr'><strong><em>Ἡρακληείῃ</em></strong></span> <span class='ocrx_word' id='word_1_40' title='bbox 1553 785 1569 801; x_wconf 99' lang='grc'><strong><em>·</em></strong></span> <span class='ocrx_word' id='word_1_41' title='bbox 2210 781 2329 831; x_wconf 79' lang='lat'><strong><em>640</em></strong></span> 
     </span>
     <span class='ocr_line' id='line_1_7' title="bbox 264 870 2182 956; baseline -0.001 -19"><span class='ocrx_word' id='word_1_42' title='bbox 264 910 270 915; x_wconf 89' lang='lat'>·</span> <span class='ocrx_word' id='word_1_43' title='bbox 305 880 427 937; x_wconf 87' lang='grc' dir='ltr'><strong><em>τοῦ</em></strong></span> <span class='ocrx_word' id='word_1_44' title='bbox 470 870 687 955; x_wconf 80' lang='grc' dir='ltr'><strong><em>γένετ’</em></strong></span> <span class='ocrx_word' id='word_1_45' title='bbox 741 871 811 935; x_wconf 84' lang='grc' dir='ltr'><strong><em>ἐκ</em></strong></span> <span class='ocrx_word' id='word_1_46' title='bbox 854 871 1098 955; x_wconf 89' lang='grc' dir='ltr'><strong><em>πατρὸς</em></strong></span> <span class='ocrx_word' id='word_1_47' title='bbox 1141 872 1315 935; x_wconf 87' lang='grc' dir='ltr'><strong><em>πολὺ</em></strong></span> <span class='ocrx_word' id='word_1_48' title='bbox 1359 873 1658 956; x_wconf 89' lang='grc' dir='ltr'><strong><em>χείρονος</em></strong></span> <span class='ocrx_word' id='word_1_49' title='bbox 1701 871 1847 948; x_wconf 83' lang='grc' dir='ltr'><strong><em>υίὸς</em></strong></span> <span class='ocrx_word' id='word_1_50' title='bbox 1891 870 2182 954; x_wconf 86' lang='grc' dir='ltr'><strong><em>ἀμείνων</em></strong></span> 
     </span>
     <span class='ocr_line' id='line_1_8' title="bbox 305 971 1931 1062; baseline -0.001 -20"><span class='ocrx_word' id='word_1_51' title='bbox 305 980 622 1055; x_wconf 87' lang='grc' dir='ltr'><strong><em>παντοίας</em></strong></span> <span class='ocrx_word' id='word_1_52' title='bbox 666 975 918 1061; x_wconf 86' lang='grc' dir='ltr'><strong><em>ἀρετάς,</em></strong></span> <span class='ocrx_word' id='word_1_53' title='bbox 962 971 1128 1059; x_wconf 75' lang='grc' dir='ltr'><strong><em>ἠμὲν</em></strong></span> <span class='ocrx_word' id='word_1_54' title='bbox 1171 975 1381 1051; x_wconf 89' lang='grc' dir='ltr'><strong><em>πόδας</em></strong></span> <span class='ocrx_word' id='word_1_55' title='bbox 1423 973 1542 1058; x_wconf 77' lang='grc' dir='ltr'><strong><em>ἠδὲ</em></strong></span> <span class='ocrx_word' id='word_1_56' title='bbox 1586 977 1931 1062; x_wconf 88' lang='grc' dir='ltr'><strong><em>μάχεσθαι,</em></strong></span> 
     </span>
     <span class='ocr_line' id='line_1_9' title="bbox 305 1080 1939 1167; baseline -0.001 -19"><span class='ocrx_word' id='word_1_57' title='bbox 305 1081 417 1148; x_wconf 85' lang='grc' dir='ltr'><strong><em>καὶ</em></strong></span> <span class='ocrx_word' id='word_1_58' title='bbox 461 1087 624 1149; x_wconf 88' lang='grc' dir='ltr'><strong><em>νόον</em></strong></span> <span class='ocrx_word' id='word_1_59' title='bbox 670 1083 744 1149; x_wconf 95' lang='grc' dir='ltr'><strong><em>ἐν</em></strong></span> <span class='ocrx_word' id='word_1_60' title='bbox 787 1083 1105 1167; x_wconf 78' lang='grc' dir='ltr'><strong><em>πρώτοισι</em></strong></span> <span class='ocrx_word' id='word_1_61' title='bbox 1149 1083 1567 1164; x_wconf 83' lang='grc' dir='ltr'><strong><em>Μυκηναίων</em></strong></span> <span class='ocrx_word' id='word_1_62' title='bbox 1612 1080 1939 1148; x_wconf 78' lang='grc' dir='ltr'><strong><em>ἐτέτυκτο·</em></strong></span> 
     </span>
     <span class='ocr_line' id='line_1_10' title="bbox 311 1181 2097 1273; baseline -0.001 -19"><span class='ocrx_word' id='word_1_63' title='bbox 311 1190 384 1266; x_wconf 82' lang='grc' dir='ltr'><strong><em>ὅς</em></strong></span> <span class='ocrx_word' id='word_1_64' title='bbox 429 1188 513 1273; x_wconf 77' lang='grc' dir='ltr'><strong><em>ῥα</em></strong></span> <span class='ocrx_word' id='word_1_65' title='bbox 556 1187 702 1254; x_wconf 87' lang='grc' dir='ltr'><strong><em>τόθ’</em></strong></span> <span class='ocrx_word' id='word_1_66' title='bbox 743 1186 1007 1272; x_wconf 85' lang='grc' dir='ltr'><strong><em>Ἕκτορι</em></strong></span> <span class='ocrx_word' id='word_1_67' title='bbox 1049 1188 1250 1264; x_wconf 84' lang='grc' dir='ltr'><strong><em>κῦδος</em></strong></span> <span class='ocrx_word' id='word_1_68' title='bbox 1293 1185 1656 1273; x_wconf 78' lang='grc' dir='ltr'><strong><em>ὑπέρτερον</em></strong></span> <span class='ocrx_word' id='word_1_69' title='bbox 1701 1181 2097 1271; x_wconf 83' lang='grc' dir='ltr'><strong><em>ἐγγυάλιξεν.</em></strong></span> 
     </span>
     <span class='ocr_line' id='line_1_11' title="bbox 240 1292 2317 1381; baseline 0 -22"><span class='ocrx_word' id='word_1_70' title='bbox 240 1361 245 1369; x_wconf 73' lang='grc'><strong><em>,</em></strong></span> <span class='ocrx_word' id='word_1_71' title='bbox 308 1292 661 1381; x_wconf 84' lang='grc' dir='ltr'><strong><em>στρεφθεὶς</em></strong></span> <span class='ocrx_word' id='word_1_72' title='bbox 687 1297 813 1381; x_wconf 82' lang='grc' dir='ltr'><strong><em>γὰρ</em></strong></span> <span class='ocrx_word' id='word_1_73' title='bbox 842 1296 1239 1378; x_wconf 86' lang='grc' dir='ltr'><strong><em>μετόπισθεν</em></strong></span> <span class='ocrx_word' id='word_1_74' title='bbox 1270 1293 1344 1359; x_wconf 91' lang='grc' dir='ltr'><strong><em>ἐν</em></strong></span> <span class='ocrx_word' id='word_1_75' title='bbox 1372 1293 1648 1370; x_wconf 79' lang='grc' dir='ltr'><strong><em>ἀσπίδος</em></strong></span> <span class='ocrx_word' id='word_1_76' title='bbox 1672 1294 1906 1377; x_wconf 78' lang='grc' dir='ltr'><strong><em>άντυγι</em></strong></span> <span class='ocrx_word' id='word_1_77' title='bbox 1949 1294 2176 1376; x_wconf 88' lang='grc' dir='ltr'><strong><em>πάλτο,</em></strong></span> <span class='ocrx_word' id='word_1_78' title='bbox 2209 1310 2317 1361; x_wconf 76' lang='lat'><strong><em>645</em></strong></span> 
     </span>
     <span class='ocr_line' id='line_1_12' title="bbox 313 1397 2062 1486; baseline -0.001 -21"><span class='ocrx_word' id='word_1_79' title='bbox 313 1402 436 1484; x_wconf 86' lang='grc' dir='ltr'><strong><em>τὴν</em></strong></span> <span class='ocrx_word' id='word_1_80' title='bbox 481 1401 680 1477; x_wconf 84' lang='grc' dir='ltr'><strong><em>αὐτὸς</em></strong></span> <span class='ocrx_word' id='word_1_81' title='bbox 723 1398 1039 1486; x_wconf 85' lang='grc' dir='ltr'><strong><em>φορέεσκε</em></strong></span> <span class='ocrx_word' id='word_1_82' title='bbox 1083 1397 1457 1482; x_wconf 77' lang='grc' dir='ltr'><strong><em>ποδηνεκέ’,</em></strong></span> <span class='ocrx_word' id='word_1_83' title='bbox 1504 1398 1694 1484; x_wconf 81' lang='grc' dir='ltr'><strong><em>ἕρκος</em></strong></span> <span class='ocrx_word' id='word_1_84' title='bbox 1738 1398 2062 1464; x_wconf 80' lang='grc' dir='ltr'><strong><em>ἀκόντων·</em></strong></span> 
     </span>
     <span class='ocr_line' id='line_1_13' title="bbox 311 1501 2231 1590; baseline 0.001 -20"><span class='ocrx_word' id='word_1_85' title='bbox 311 1515 390 1590; x_wconf 77' lang='grc' dir='ltr'><strong><em>τῇ</em></strong></span> <span class='ocrx_word' id='word_1_86' title='bbox 437 1507 474 1572; x_wconf 81' lang='grc' dir='ltr'>ὅ</span> <span class='ocrx_word' id='word_1_87' title='bbox 517 1504 579 1589; x_wconf 87' lang='grc' dir='ltr'><strong><em>γ’</em></strong></span> <span class='ocrx_word' id='word_1_88' title='bbox 634 1504 732 1572; x_wconf 83' lang='grc' dir='ltr'><strong><em>ἐνὶ</em></strong></span> <span class='ocrx_word' id='word_1_89' title='bbox 779 1503 1107 1590; x_wconf 78' lang='grc' dir='ltr'><strong><em>βλαφθεὶς</em></strong></span> <span class='ocrx_word' id='word_1_90' title='bbox 1149 1505 1349 1571; x_wconf 86' lang='grc' dir='ltr'><strong><em>πέσεν</em></strong></span> <span class='ocrx_word' id='word_1_91' title='bbox 1393 1505 1644 1589; x_wconf 76' lang='grc' dir='ltr'><strong><em>ὕπτιος,</em></strong></span> <span class='ocrx_word' id='word_1_92' title='bbox 1691 1503 1859 1590; x_wconf 86' lang='grc' dir='ltr'><strong><em>ἀμφὶ</em></strong></span> <span class='ocrx_word' id='word_1_93' title='bbox 1906 1501 1979 1570; x_wconf 72' lang='grc' dir='ltr'><strong><em>δὲ</em></strong></span> <span class='ocrx_word' id='word_1_94' title='bbox 2021 1504 2231 1589; x_wconf 82' lang='grc' dir='ltr'><strong><em>πήληξ</em></strong></span> 
     </span>
     <span class='ocr_line' id='line_1_14' title="bbox 310 1607 2098 1698; baseline -0.001 -20"><span class='ocrx_word' id='word_1_95' title='bbox 310 1610 719 1698; x_wconf 80' lang='grc' dir='ltr'><strong><em>σμερδαλέον</em></strong></span> <span class='ocrx_word' id='word_1_96' title='bbox 763 1611 1092 1694; x_wconf 75' lang='grc' dir='ltr'><strong><em>κονάβησε</em></strong></span> <span class='ocrx_word' id='word_1_97' title='bbox 1136 1607 1285 1696; x_wconf 84' lang='grc' dir='ltr'><strong><em>περὶ</em></strong></span> <span class='ocrx_word' id='word_1_98' title='bbox 1329 1610 1721 1695; x_wconf 87' lang='grc' dir='ltr'><strong><em>κροτάφοισι</em></strong></span> <span class='ocrx_word' id='word_1_99' title='bbox 1764 1612 2098 1688; x_wconf 85' lang='grc' dir='ltr'><strong><em>πεσόντος.</em></strong></span> 
     </span>
     <span class='ocr_line' id='line_1_15' title="bbox 295 1711 2098 1802; baseline 0 -21"><span class='ocrx_word' id='word_1_100' title='bbox 295 1716 549 1802; x_wconf 66' lang='grc' dir='ltr'><strong><em>’Ἐκτωρ</em></strong></span> <span class='ocrx_word' id='word_1_101' title='bbox 596 1711 657 1782; x_wconf 88' lang='grc' dir='ltr'><strong><em>δ’</em></strong></span> <span class='ocrx_word' id='word_1_102' title='bbox 709 1715 827 1794; x_wconf 83' lang='grc' dir='ltr'><strong><em>ὀξὺ</em></strong></span> <span class='ocrx_word' id='word_1_103' title='bbox 871 1718 1091 1798; x_wconf 90' lang='grc' dir='ltr'><strong><em>νόησε,</em></strong></span> <span class='ocrx_word' id='word_1_104' title='bbox 1136 1715 1321 1781; x_wconf 85' lang='grc' dir='ltr'><strong><em>θέων</em></strong></span> <span class='ocrx_word' id='word_1_105' title='bbox 1367 1714 1446 1782; x_wconf 84' lang='grc' dir='ltr'><strong><em>δέ</em></strong></span> <span class='ocrx_word' id='word_1_106' title='bbox 1488 1717 1558 1781; x_wconf 78' lang='lat' dir='ltr'><strong><em>oc</em></strong></span> <span class='ocrx_word' id='word_1_107' title='bbox 1596 1718 1748 1801; x_wconf 75' lang='grc' dir='ltr'><strong><em>ἄγχι</em></strong></span> <span class='ocrx_word' id='word_1_108' title='bbox 1789 1715 2098 1802; x_wconf 84' lang='grc' dir='ltr'><strong><em>παρέστη,</em></strong></span> 
     </span>
     <span class='ocr_line' id='line_1_16' title="bbox 310 1818 2314 1908; baseline 0 -19"><span class='ocrx_word' id='word_1_109' title='bbox 310 1827 548 1908; x_wconf 79' lang='grc' dir='ltr'><strong><em>στήθεϊ</em></strong></span> <span class='ocrx_word' id='word_1_110' title='bbox 572 1818 632 1886; x_wconf 87' lang='grc' dir='ltr'><strong><em>δ’</em></strong></span> <span class='ocrx_word' id='word_1_111' title='bbox 667 1822 740 1888; x_wconf 85' lang='grc' dir='ltr'><strong><em>ἐν</em></strong></span> <span class='ocrx_word' id='word_1_112' title='bbox 769 1823 935 1906; x_wconf 89' lang='grc' dir='ltr'><strong><em>δόρυ</em></strong></span> <span class='ocrx_word' id='word_1_113' title='bbox 962 1820 1141 1904; x_wconf 82' lang='grc' dir='ltr'><strong><em>πῆξε,</em></strong></span> <span class='ocrx_word' id='word_1_114' title='bbox 1189 1823 1406 1906; x_wconf 88' lang='grc' dir='ltr'><strong><em>φίλων</em></strong></span> <span class='ocrx_word' id='word_1_115' title='bbox 1436 1821 1515 1887; x_wconf 88' lang='grc' dir='ltr'><strong><em>δέ</em></strong></span> <span class='ocrx_word' id='word_1_116' title='bbox 1537 1847 1652 1906; x_wconf 88' lang='grc' dir='ltr'><strong><em>μιν</em></strong></span> <span class='ocrx_word' id='word_1_117' title='bbox 1681 1823 1876 1906; x_wconf 84' lang='grc' dir='ltr'><strong><em>ἐγγὺς</em></strong></span> <span class='ocrx_word' id='word_1_118' title='bbox 1911 1821 2187 1908; x_wconf 84' lang='grc' dir='ltr'><strong><em>ἑταίρων</em></strong></span> <span class='ocrx_word' id='word_1_119' title='bbox 2207 1822 2314 1891; x_wconf 68' lang='grc' dir='ltr'><strong><em>θῶ</em></strong></span> 
     </span>
     <span class='ocr_line' id='line_1_17' title="bbox 309 1922 2350 2014; baseline -0.001 -18"><span class='ocrx_word' id='word_1_120' title='bbox 309 1927 509 1996; x_wconf 82' lang='grc' dir='ltr'><strong><em>κτεῖν’</em></strong></span> <span class='ocrx_word' id='word_1_121' title='bbox 530 1950 545 1965; x_wconf 94' lang='grc'><strong><em>·</em></strong></span> <span class='ocrx_word' id='word_1_122' title='bbox 595 1929 666 1994; x_wconf 82' lang='lat' dir='ltr'><strong><em>oc</em></strong></span> <span class='ocrx_word' id='word_1_123' title='bbox 696 1922 758 1992; x_wconf 87' lang='grc' dir='ltr'><strong><em>δ’</em></strong></span> <span class='ocrx_word' id='word_1_124' title='bbox 800 1927 923 1993; x_wconf 71' lang='grc' dir='ltr'><strong><em>οὐκ</em></strong></span> <span class='ocrx_word' id='word_1_125' title='bbox 958 1926 1302 2010; x_wconf 83' lang='grc' dir='ltr'><strong><em>ἐδύναντο,</em></strong></span> <span class='ocrx_word' id='word_1_126' title='bbox 1339 1925 1450 1993; x_wconf 85' lang='grc' dir='ltr'><strong><em>καὶ</em></strong></span> <span class='ocrx_word' id='word_1_127' title='bbox 1485 1927 1850 2013; x_wconf 89' lang='grc' dir='ltr'><strong><em>ἀχνύμενοί</em></strong></span> <span class='ocrx_word' id='word_1_128' title='bbox 1875 1949 1998 2014; x_wconf 91' lang='grc' dir='ltr'><strong><em>περ</em></strong></span> <span class='ocrx_word' id='word_1_129' title='bbox 2026 1925 2309 2014; x_wconf 79' lang='grc' dir='ltr'><strong><em>ἑταίρου,</em></strong></span> <span class='ocrx_word' id='word_1_130' title='bbox 2346 1990 2350 1994; x_wconf 74' lang='grc'><strong>,</strong></span> 
     </span>
     <span class='ocr_line' id='line_1_18' title="bbox 310 2029 2177 2121; baseline 0 -21"><span class='ocrx_word' id='word_1_131' title='bbox 310 2044 689 2121; x_wconf 83' lang='grc' dir='ltr'><strong><em>χραισμεῖν·</em></strong></span> <span class='ocrx_word' id='word_1_132' title='bbox 736 2029 924 2098; x_wconf 83' lang='grc' dir='ltr'><strong><em>αὐτοὶ</em></strong></span> <span class='ocrx_word' id='word_1_133' title='bbox 968 2033 1095 2117; x_wconf 75' lang='grc' dir='ltr'><strong><em>γὰρ</em></strong></span> <span class='ocrx_word' id='word_1_134' title='bbox 1141 2033 1314 2118; x_wconf 89' lang='grc' dir='ltr'><strong><em>μάλα</em></strong></span> <span class='ocrx_word' id='word_1_135' title='bbox 1359 2034 1659 2098; x_wconf 83' lang='grc' dir='ltr'><strong><em>δείδισαν</em></strong></span> <span class='ocrx_word' id='word_1_136' title='bbox 1687 2031 1965 2119; x_wconf 86' lang='grc' dir='ltr'><strong><em>Ἕκτορα</em></strong></span> <span class='ocrx_word' id='word_1_137' title='bbox 2012 2035 2177 2100; x_wconf 80' lang='grc' dir='ltr'><strong><em>δῖον.</em></strong></span> 
     </span>
     <span class='ocr_line' id='line_1_19' title="bbox 401 2133 2253 2226; baseline 0 -20"><span class='ocrx_word' id='word_1_138' title='bbox 401 2139 674 2207; x_wconf 82' lang='grc' dir='ltr'><strong><em>εἰσωποὶ</em></strong></span> <span class='ocrx_word' id='word_1_139' title='bbox 719 2133 781 2205; x_wconf 88' lang='grc' dir='ltr'><strong><em>δ’</em></strong></span> <span class='ocrx_word' id='word_1_140' title='bbox 833 2136 1139 2223; x_wconf 89' lang='grc' dir='ltr'><strong><em>ἐγένοντο</em></strong></span> <span class='ocrx_word' id='word_1_141' title='bbox 1184 2149 1378 2222; x_wconf 79' lang='grc' dir='ltr'><strong><em>νεῶν,</em></strong></span> <span class='ocrx_word' id='word_1_142' title='bbox 1424 2136 1575 2225; x_wconf 85' lang='grc' dir='ltr'><strong><em>περὶ</em></strong></span> <span class='ocrx_word' id='word_1_143' title='bbox 1620 2136 1680 2204; x_wconf 91' lang='grc' dir='ltr'><strong><em>δ’</em></strong></span> <span class='ocrx_word' id='word_1_144' title='bbox 1735 2141 2018 2224; x_wconf 77' lang='grc' dir='ltr'><strong><em>ἔσχεθον</em></strong></span> <span class='ocrx_word' id='word_1_145' title='bbox 2061 2142 2253 2226; x_wconf 78' lang='grc' dir='ltr'><strong><em>ἄκραι</em></strong></span> 
     </span>
     <span class='ocr_line' id='line_1_20' title="bbox 311 2239 2312 2332; baseline -0.001 -19"><span class='ocrx_word' id='word_1_146' title='bbox 311 2256 487 2331; x_wconf 91' lang='grc' dir='ltr'><strong><em>νῆες,</em></strong></span> <span class='ocrx_word' id='word_1_147' title='bbox 537 2248 687 2313; x_wconf 83' lang='grc' dir='ltr'><strong><em>ὅσαι</em></strong></span> <span class='ocrx_word' id='word_1_148' title='bbox 730 2254 983 2332; x_wconf 80' lang='grc' dir='ltr'><strong><em>πρῶται</em></strong></span> <span class='ocrx_word' id='word_1_149' title='bbox 1027 2245 1319 2330; x_wconf 82' lang='grc' dir='ltr'><strong><em>εἰρύατο·</em></strong></span> <span class='ocrx_word' id='word_1_150' title='bbox 1363 2243 1468 2310; x_wconf 86' lang='grc' dir='ltr'><strong><em>τοὶ</em></strong></span> <span class='ocrx_word' id='word_1_151' title='bbox 1513 2239 1575 2310; x_wconf 88' lang='grc' dir='ltr'><strong><em>δ’</em></strong></span> <span class='ocrx_word' id='word_1_152' title='bbox 1626 2243 1959 2329; x_wconf 83' lang='grc' dir='ltr'><strong><em>ἐπέχυντο.</em></strong></span> <span class='ocrx_word' id='word_1_153' title='bbox 2305 2272 2312 2275; x_wconf 91' lang='grc'><strong><em>·</em></strong></span> 
     </span>
     <span class='ocr_line' id='line_1_21' title="bbox 305 2346 2367 2439; baseline 0 -21"><span class='ocrx_word' id='word_1_154' title='bbox 305 2352 588 2439; x_wconf 85' lang='grc' dir='ltr'><strong><em>Ἀργεϊοι</em></strong></span> <span class='ocrx_word' id='word_1_155' title='bbox 633 2346 708 2417; x_wconf 70' lang='grc' dir='ltr'><strong><em>δὲ</em></strong></span> <span class='ocrx_word' id='word_1_156' title='bbox 750 2360 921 2415; x_wconf 78' lang='grc' dir='ltr'><strong><em>νεῶν</em></strong></span> <span class='ocrx_word' id='word_1_157' title='bbox 967 2347 1089 2435; x_wconf 77' lang='grc' dir='ltr'><strong><em>μὲν</em></strong></span> <span class='ocrx_word' id='word_1_158' title='bbox 1133 2349 1474 2436; x_wconf 82' lang='grc' dir='ltr'><strong><em>ἐχώρησαν</em></strong></span> <span class='ocrx_word' id='word_1_159' title='bbox 1517 2347 1628 2415; x_wconf 88' lang='grc' dir='ltr'><strong><em>καὶ</em></strong></span> <span class='ocrx_word' id='word_1_160' title='bbox 1673 2350 1922 2436; x_wconf 80' lang='grc' dir='ltr'><strong><em>ἀνάγκῃ</em></strong></span> <span class='ocrx_word' id='word_1_161' title='bbox 2206 2369 2307 2420; x_wconf 80' lang='lat'><strong><em>655</em></strong></span> <span class='ocrx_word' id='word_1_162' title='bbox 2363 2348 2367 2353; x_wconf 69' lang='grc'><strong><em>’</em></strong></span> 
     </span>
     <span class='ocr_line' id='line_1_22' title="bbox 314 2452 2109 2542; baseline 0 -19"><span class='ocrx_word' id='word_1_163' title='bbox 314 2467 451 2524; x_wconf 80' lang='grc' dir='ltr'><strong><em>τῶν</em></strong></span> <span class='ocrx_word' id='word_1_164' title='bbox 494 2454 827 2542; x_wconf 85' lang='grc' dir='ltr'><strong><em>πρωτέων,</em></strong></span> <span class='ocrx_word' id='word_1_165' title='bbox 874 2456 1081 2522; x_wconf 84' lang='grc' dir='ltr'><strong><em>αὐτοῦ</em></strong></span> <span class='ocrx_word' id='word_1_166' title='bbox 1127 2452 1201 2520; x_wconf 76' lang='grc' dir='ltr'><strong><em>δὲ</em></strong></span> <span class='ocrx_word' id='word_1_167' title='bbox 1244 2456 1422 2540; x_wconf 77' lang='grc' dir='ltr'><strong><em>παρὰ</em></strong></span> <span class='ocrx_word' id='word_1_168' title='bbox 1464 2457 1798 2540; x_wconf 79' lang='grc' dir='ltr'><strong><em>κλισίῃσιν</em></strong></span> <span class='ocrx_word' id='word_1_169' title='bbox 1842 2459 2109 2541; x_wconf 84' lang='grc' dir='ltr'><strong><em>ἔμειναν</em></strong></span> 
     </span>
     <span class='ocr_line' id='line_1_23' title="bbox 314 2558 2393 2650; baseline 0 -21"><span class='ocrx_word' id='word_1_170' title='bbox 314 2564 577 2649; x_wconf 81' lang='grc' dir='ltr'><strong><em>ἁθρόοι,</em></strong></span> <span class='ocrx_word' id='word_1_171' title='bbox 625 2558 769 2627; x_wconf 84' lang='grc' dir='ltr'><strong><em>οὐδ’</em></strong></span> <span class='ocrx_word' id='word_1_172' title='bbox 822 2560 1181 2627; x_wconf 79' lang='grc' dir='ltr'><strong><em>ἐκέδασθεν</em></strong></span> <span class='ocrx_word' id='word_1_173' title='bbox 1227 2560 1355 2626; x_wconf 78' lang='grc' dir='ltr'><strong><em>ἀνὰ</em></strong></span> <span class='ocrx_word' id='word_1_174' title='bbox 1399 2563 1708 2647; x_wconf 89' lang='grc' dir='ltr'><strong><em>στρατόν·</em></strong></span> <span class='ocrx_word' id='word_1_175' title='bbox 1755 2568 1895 2647; x_wconf 78' lang='grc' dir='ltr'><strong><em>ἴσχε</em></strong></span> <span class='ocrx_word' id='word_1_176' title='bbox 1938 2565 2064 2650; x_wconf 80' lang='grc' dir='ltr'><strong><em>γὰρ</em></strong></span> <span class='ocrx_word' id='word_1_177' title='bbox 2111 2565 2305 2641; x_wconf 76' lang='grc' dir='ltr'><strong><em>αἰδὼς</em></strong></span> <span class='ocrx_word' id='word_1_178' title='bbox 2389 2562 2393 2567; x_wconf 73' lang='grc'><strong><em>’</em></strong></span> 
     </span>
     <span class='ocr_line' id='line_1_24' title="bbox 240 2663 1889 2751; baseline 0.001 -20"><span class='ocrx_word' id='word_1_179' title='bbox 240 2708 269 2731; x_wconf 73' lang='grc'><strong>.</strong></span> <span class='ocrx_word' id='word_1_180' title='bbox 312 2668 424 2735; x_wconf 87' lang='grc' dir='ltr'><strong><em>καὶ</em></strong></span> <span class='ocrx_word' id='word_1_181' title='bbox 470 2667 648 2745; x_wconf 84' lang='grc' dir='ltr'><strong><em>δέος·</em></strong></span> <span class='ocrx_word' id='word_1_182' title='bbox 694 2663 918 2751; x_wconf 76' lang='grc' dir='ltr'><strong><em>ἀζηχὲς</em></strong></span> <span class='ocrx_word' id='word_1_183' title='bbox 962 2667 1087 2751; x_wconf 82' lang='grc' dir='ltr'><strong><em>γὰρ</em></strong></span> <span class='ocrx_word' id='word_1_184' title='bbox 1133 2665 1454 2750; x_wconf 85' lang='grc' dir='ltr'><strong><em>ὁμόκλεον</em></strong></span> <span class='ocrx_word' id='word_1_185' title='bbox 1491 2667 1889 2751; x_wconf 88' lang='grc' dir='ltr'><strong><em>ἀλλήλοισιν.</em></strong></span> 
     </span>
     <span class='ocr_line' id='line_1_25' title="bbox 313 2767 2080 2860; baseline 0 -20"><span class='ocrx_word' id='word_1_186' title='bbox 313 2772 591 2859; x_wconf 87' lang='grc' dir='ltr'><strong><em>Νέστωρ</em></strong></span> <span class='ocrx_word' id='word_1_187' title='bbox 638 2767 793 2838; x_wconf 79' lang='grc' dir='ltr'><strong><em>αὖτε</em></strong></span> <span class='ocrx_word' id='word_1_188' title='bbox 837 2772 1116 2856; x_wconf 89' lang='grc' dir='ltr'><strong><em>μάλιστα</em></strong></span> <span class='ocrx_word' id='word_1_189' title='bbox 1159 2774 1498 2857; x_wconf 87' lang='grc' dir='ltr'><strong><em>Γερήνιος,</em></strong></span> <span class='ocrx_word' id='word_1_190' title='bbox 1547 2769 1746 2859; x_wconf 84' lang='grc' dir='ltr'><strong><em>οὖρος</em></strong></span> <span class='ocrx_word' id='word_1_191' title='bbox 1781 2771 2080 2860; x_wconf 74' lang='grc' dir='ltr'><strong><em>Ἀχαιῶν,</em></strong></span> 
     </span>
     <span class='ocr_line' id='line_1_26' title="bbox 325 2875 2302 2966; baseline 0.001 -20"><span class='ocrx_word' id='word_1_192' title='bbox 325 2877 580 2946; x_wconf 88' lang='grc' dir='ltr'><strong><em>λίσσεθ’</em></strong></span> <span class='ocrx_word' id='word_1_193' title='bbox 632 2875 797 2963; x_wconf 74' lang='grc' dir='ltr'><strong><em>ὑπὲρ</em></strong></span> <span class='ocrx_word' id='word_1_194' title='bbox 841 2876 1090 2946; x_wconf 84' lang='grc' dir='ltr'><strong><em>τοκέων</em></strong></span> <span class='ocrx_word' id='word_1_195' title='bbox 1132 2879 1583 2963; x_wconf 87' lang='grc' dir='ltr'><strong><em>γουνούμενος</em></strong></span> <span class='ocrx_word' id='word_1_196' title='bbox 1628 2880 1841 2966; x_wconf 80' lang='grc' dir='ltr'><strong><em>ἄνδρα</em></strong></span> <span class='ocrx_word' id='word_1_197' title='bbox 1886 2880 2186 2947; x_wconf 81' lang='grc' dir='ltr'><strong><em>ἕκαστον·</em></strong></span> <span class='ocrx_word' id='word_1_198' title='bbox 2205 2898 2302 2948; x_wconf 80' lang='lat'><strong><em>660</em></strong></span> 
     </span>
    </p>
   </div>
   <div class='ocr_carea' id='block_1_3' title="bbox 2497 598 2504 1556">
    <p class='ocr_par' dir='ltr' id='par_1_3' title="bbox 2497 598 2504 1556">
     <span class='ocr_line' id='line_1_27' title="bbox 2497 598 2504 1556; baseline 0 0"><span class='ocrx_word' id='word_1_199' title='bbox 2497 598 2504 1556; x_wconf 95' lang='lat' dir='ltr'><strong><em> </em></strong></span> 
     </span>
    </p>
   </div>
   <div class='ocr_carea' id='block_1_4' title="bbox 403 2982 2452 3077">
    <p class='ocr_par' dir='ltr' id='par_1_4' title="bbox 403 2982 2452 3077">
     <span class='ocr_line' id='line_1_28' title="bbox 403 2982 2452 3077; baseline -0.014 -7"><span class='ocrx_word' id='word_1_200' title='bbox 403 2982 501 3070; x_wconf 71' lang='grc' dir='ltr'><strong><em>»ὦ</em></strong></span> <span class='ocrx_word' id='word_1_201' title='bbox 547 2987 751 3070; x_wconf 77' lang='grc' dir='ltr'><strong><em>φίλοι,</em></strong></span> <span class='ocrx_word' id='word_1_202' title='bbox 799 2982 1026 3069; x_wconf 76' lang='grc' dir='ltr'><strong><em>ἀνέρες</em></strong></span> <span class='ocrx_word' id='word_1_203' title='bbox 1070 2985 1235 3067; x_wconf 74' lang='grc' dir='ltr'><strong><em>ἔστε,</em></strong></span> <span class='ocrx_word' id='word_1_204' title='bbox 1272 2982 1382 3049; x_wconf 78' lang='grc' dir='ltr'><strong><em>καὶ</em></strong></span> <span class='ocrx_word' id='word_1_205' title='bbox 1425 2985 1591 3050; x_wconf 68' lang='grc' dir='ltr'><strong><em>αἰδῶ</em></strong></span> <span class='ocrx_word' id='word_1_206' title='bbox 1634 2982 1836 3051; x_wconf 73' lang='grc' dir='ltr'><strong>θέσθ’</strong></span> <span class='ocrx_word' id='word_1_207' title='bbox 1888 2986 1989 3053; x_wconf 71' lang='grc' dir='ltr'><strong><em>ἐνὶ</em></strong></span> <span class='ocrx_word' id='word_1_208' title='bbox 2033 2994 2226 3077; x_wconf 66' lang='grc' dir='ltr'><strong><em>θυμῷ</em></strong></span> <span class='ocrx_word' id='word_1_209' title='bbox 2347 3004 2352 3011; x_wconf 88' lang='grc'><strong><em>·</em></strong></span> <span class='ocrx_word' id='word_1_210' title='bbox 2441 3008 2452 3019; x_wconf 84' lang='lat'><strong>·</strong></span> 
     </span>
    </p>
   </div>
   <div class='ocr_carea' id='block_1_5' title="bbox 314 3085 2299 3599">
    <p class='ocr_par' dir='ltr' id='par_1_5' title="bbox 314 3085 1955 3177">
     <span class='ocr_line' id='line_1_29' title="bbox 314 3085 1955 3177; baseline -0.001 -19"><span class='ocrx_word' id='word_1_211' title='bbox 314 3094 536 3158; x_wconf 75' lang='grc' dir='ltr'><strong><em>ἄλλων</em></strong></span> <span class='ocrx_word' id='word_1_212' title='bbox 581 3090 979 3177; x_wconf 80' lang='grc' dir='ltr'><strong><em>ἀνθρώπων,</em></strong></span> <span class='ocrx_word' id='word_1_213' title='bbox 1026 3087 1133 3154; x_wconf 87' lang='grc' dir='ltr'><strong><em>ἐπὶ</em></strong></span> <span class='ocrx_word' id='word_1_214' title='bbox 1178 3085 1252 3155; x_wconf 72' lang='grc' dir='ltr'><strong><em>δὲ</em></strong></span> <span class='ocrx_word' id='word_1_215' title='bbox 1297 3092 1641 3174; x_wconf 88' lang='grc' dir='ltr'><strong><em>μνήσασθε</em></strong></span> <span class='ocrx_word' id='word_1_216' title='bbox 1686 3089 1955 3169; x_wconf 80' lang='grc' dir='ltr'><strong><em>ἕκαστος</em></strong></span> 
     </span>
    </p>

    <p class='ocr_par' dir='ltr' id='par_1_6' title="bbox 314 3190 1977 3281">
     <span class='ocr_line' id='line_1_30' title="bbox 314 3190 1977 3281; baseline 0 -18"><span class='ocrx_word' id='word_1_217' title='bbox 314 3199 575 3263; x_wconf 90' lang='grc' dir='ltr'><strong><em>παίδων</em></strong></span> <span class='ocrx_word' id='word_1_218' title='bbox 617 3190 724 3278; x_wconf 78' lang='grc' dir='ltr'><strong><em>ἠδ’</em></strong></span> <span class='ocrx_word' id='word_1_219' title='bbox 776 3195 1033 3279; x_wconf 88' lang='grc' dir='ltr'><strong><em>ἀλόχων</em></strong></span> <span class='ocrx_word' id='word_1_220' title='bbox 1077 3194 1189 3261; x_wconf 85' lang='grc' dir='ltr'><strong><em>καὶ</em></strong></span> <span class='ocrx_word' id='word_1_221' title='bbox 1231 3198 1496 3278; x_wconf 87' lang='grc' dir='ltr'><strong><em>κτήσιος</em></strong></span> <span class='ocrx_word' id='word_1_222' title='bbox 1538 3191 1658 3279; x_wconf 71' lang='grc' dir='ltr'><strong><em>ἠδὲ</em></strong></span> <span class='ocrx_word' id='word_1_223' title='bbox 1700 3199 1977 3281; x_wconf 88' lang='grc' dir='ltr'><strong><em>τοκήων,</em></strong></span> 
     </span>
    </p>

    <p class='ocr_par' dir='ltr' id='par_1_7' title="bbox 314 3292 1865 3390">
     <span class='ocr_line' id='line_1_31' title="bbox 314 3292 1865 3390; baseline -0.001 -22"><span class='ocrx_word' id='word_1_224' title='bbox 314 3299 486 3387; x_wconf 71' lang='grc' dir='ltr'><strong><em>ἠμὲν</em></strong></span> <span class='ocrx_word' id='word_1_225' title='bbox 531 3303 692 3389; x_wconf 82' lang='grc' dir='ltr'><strong><em>ὅτεφ</em></strong></span> <span class='ocrx_word' id='word_1_226' title='bbox 740 3302 979 3380; x_wconf 78' lang='grc' dir='ltr'><strong><em>ζώουσι</em></strong></span> <span class='ocrx_word' id='word_1_227' title='bbox 1020 3298 1130 3366; x_wconf 88' lang='grc' dir='ltr'><strong><em>καὶ</em></strong></span> <span class='ocrx_word' id='word_1_228' title='bbox 1175 3292 1228 3390; x_wconf 75' lang='grc' dir='ltr'><em>ᾧ</em></span> <span class='ocrx_word' id='word_1_229' title='bbox 1275 3305 1865 3385; x_wconf 87' lang='grc' dir='ltr'><strong><em>κατατεθνήκασιν·</em></strong></span> 
     </span>
    </p>

    <p class='ocr_par' dir='ltr' id='par_1_8' title="bbox 315 3401 2299 3599">
     <span class='ocr_line' id='line_1_32' title="bbox 315 3401 2299 3493; baseline 0 -18"><span class='ocrx_word' id='word_1_230' title='bbox 315 3419 450 3475; x_wconf 78' lang='grc' dir='ltr'><strong><em>τῶν</em></strong></span> <span class='ocrx_word' id='word_1_231' title='bbox 492 3408 658 3492; x_wconf 77' lang='grc' dir='ltr'><strong><em>ὕπερ</em></strong></span> <span class='ocrx_word' id='word_1_232' title='bbox 705 3401 937 3472; x_wconf 88' lang='grc' dir='ltr'><strong><em>ἐνθάδ’</em></strong></span> <span class='ocrx_word' id='word_1_233' title='bbox 987 3406 1115 3490; x_wconf 79' lang='grc' dir='ltr'><strong><em>ἐγὼ</em></strong></span> <span class='ocrx_word' id='word_1_234' title='bbox 1159 3408 1561 3491; x_wconf 79' lang='grc' dir='ltr'><strong><em>γουνάζομαι</em></strong></span> <span class='ocrx_word' id='word_1_235' title='bbox 1605 3407 1688 3472; x_wconf 83' lang='grc' dir='ltr'><strong><em>οὐ</em></strong></span> <span class='ocrx_word' id='word_1_236' title='bbox 1729 3410 2112 3493; x_wconf 88' lang='grc' dir='ltr'><strong><em>παρεόντων</em></strong></span> <span class='ocrx_word' id='word_1_237' title='bbox 2206 3425 2299 3477; x_wconf 73' lang='lat'><strong><em>666</em></strong></span> 
     </span>
     <span class='ocr_line' id='line_1_33' title="bbox 317 3510 2064 3599; baseline -0.002 -18"><span class='ocrx_word' id='word_1_238' title='bbox 317 3513 666 3599; x_wconf 80' lang='grc' dir='ltr'><strong><em>ἑστάμεναι</em></strong></span> <span class='ocrx_word' id='word_1_239' title='bbox 709 3522 1056 3599; x_wconf 78' lang='grc' dir='ltr'><strong><em>κρατερῶς,</em></strong></span> <span class='ocrx_word' id='word_1_240' title='bbox 1103 3510 1270 3598; x_wconf 77' lang='grc' dir='ltr'><strong><em>μηδὲ</em></strong></span> <span class='ocrx_word' id='word_1_241' title='bbox 1312 3518 1664 3599; x_wconf 84' lang='grc' dir='ltr'><strong><em>τρωπᾶσθε</em></strong></span> <span class='ocrx_word' id='word_1_242' title='bbox 1709 3514 2064 3597; x_wconf 84' lang='grc' dir='ltr'><strong><em>φόβονδε.“</em></strong></span> 
     </span>
    </p>
   </div>
   <div class='ocr_carea' id='block_1_6' title="bbox 2465 1552 2517 3741">
    <p class='ocr_par' dir='ltr' id='par_1_9' title="bbox 2465 1552 2517 3741">
     <span class='ocr_line' id='line_1_34' title="bbox 2465 1552 2517 3741; baseline 0 0"><span class='ocrx_word' id='word_1_243' title='bbox 2465 1552 2517 3741; x_wconf 95' lang='lat' dir='ltr'><strong><em> </em></strong></span> 
     </span>
    </p>
   </div>
  </div>
 </body>
</html>
