2525 3884
329 209 417 274 98
1121 208 1422 261 ῙΜΑΔΟΣ
1458 210 1516 262 P.

328 356 415 436 βῆ
461 348 535 416 δὲ
581 352 692 415 διὰ
734 351 1092 437 προμάχων
1136 351 1627 436 κεκορυθμένος
1672 355 1906 415 αἴθοπι
1950 351 2208 436 χαλκῷ,

330 455 498 541 ἀμφὶ
547 449 608 521 δ’
650 454 754 543 ἄρ’
798 457 975 545 αὐτῷ
1021 454 1224 541 βαῖν’,
1272 457 1361 533 ὥς
1404 481 1504 533 τις
1546 453 1697 541 περὶ
1739 458 2015 541 πόρτακι
2061 460 2297 540 μήτηρ

329 565 741 648 πρωτοτόκος
782 566 1053 648 κινυρή,
1101 564 1182 628 οὐ
1226 561 1386 648 πρὶν
1433 564 1648 628 εἰδυῖα
1691 565 1940 628 τόκοιο·
2332 579 2374 626 5

334 663 422 744 ὧς
465 666 616 753 περὶ
663 671 1023 756 Πατρόκλῳ
1070 672 1258 753 βαῖνε
1306 668 1554 747 ξανθὸς
1597 667 1957 742 Μενέλαος.
2487 664 2488 745 J

330 777 588 860 πρόσθε
635 773 714 840 δέ
756 776 825 839 οἱ
866 776 1032 860 δόρυ
1077 772 1134 838 τ’
1179 777 1327 858 ἔσχε
1370 772 1481 839 καὶ
1521 774 1765 839 ἀσπίδα
1800 770 2072 839 πάντοσ’
2118 773 2368 856 ἐίσην,
2487 770 2488 809 ³

331 880 448 944 τὸν
493 881 805 965 κτάμεναι
850 879 1137 964 μεμαώς,
1185 880 1257 956 ὅς
1300 904 1400 956 τις
1442 888 1563 944 τοῦ
1608 875 1670 962 γ’
1714 878 1934 956 ἀντίος
1978 881 2194 944 ἔλθοι.

332 982 481 1050 οὐδ’
525 987 652 1069 ἄρα
699 987 1029 1050 Πανθόου
1072 986 1218 1062 υίὸς
1262 984 1613 1069 ἐυμμελίης
1656 983 1978 1069 ἀμέλησεν

332 1092 746 1176 Πατρόκλοιο
791 1092 1109 1167 πεσόντος
1153 1090 1517 1175 ἀμύμονος·
1563 1093 1713 1176 ἄγχι
1760 1086 1821 1156 δ’
1862 1088 1968 1175 ἄρ’
2012 1091 2226 1157 αὐτοῦ
2282 1109 2362 1157 10
2487 1094 2488 1139 ἶ

333 1198 515 1279 ἔστη,
561 1194 671 1261 καὶ
714 1195 1104 1280 προσέειπεν
1149 1197 1508 1281 ἀρηίφιλον
1553 1196 1929 1262 Μενέλαον·

333 1295 662 1387 »Ἀτρεΐδη
708 1301 1011 1368 Μενέλαε
1058 1301 1430 1388 διοτρεφές,
1478 1304 1723 1388 ὄρχαμε
1768 1307 1977 1384 λαῶν,

330 1407 548 1491 χάζεο,
595 1412 774 1473 λεῖπε
820 1406 894 1473 δὲ
937 1411 1212 1495 νεκρόν,
1260 1410 1335 1472 ἔα
1382 1406 1443 1472 δ’
1490 1411 1693 1493 ἔναρα
1737 1410 2124 1493 βροτόεντα·

333 1512 415 1576 οὐ
459 1513 585 1598 γάρ
629 1537 729 1590 τις
772 1516 1087 1600 πρότερος
1139 1515 1387 1599 Τρώων
1431 1519 1705 1579 κλειτῶν
1747 1510 1805 1577 τ’
1851 1512 2221 1596 ἐπικούρων

333 1619 721 1700 Πάτροκλον
765 1620 923 1703 βάλε
970 1616 1165 1705 δουρὶ
1208 1621 1372 1684 κατὰ
1414 1621 1738 1705 κρατερὴν
1780 1618 2100 1703 ὑσμίνην·
2276 1634 2352 1684 15

331 1731 422 1811 τῷ
470 1746 548 1807 με
594 1726 670 1788 ἔα
712 1723 901 1800 κλέος
945 1724 1191 1789 ἐσθλὸν
1238 1723 1340 1789 ἐνὶ
1392 1726 1730 1811 Τρώεσσιν
1776 1723 2088 1809 ἀρέσθαι·

333 1830 421 1912 μή
467 1843 541 1893 σε
585 1829 795 1912 βάλω,
842 1827 969 1893 ἀπὸ
1015 1826 1089 1894 δὲ
1133 1828 1444 1914 μελιηδέα
1487 1832 1713 1914 θυμὸν
1764 1828 2070 1914 ἕλωμαι.“

420 1934 537 1998 τὸν
584 1931 657 1998 δὲ
703 1928 845 2018 μέγ’
888 1933 1182 2018 ὀχθήσας
1224 1934 1526 2019 προσέφη
1574 1934 1820 2013 ξανθὸς
1863 1934 2234 2012 Μενέλαος·

333 2043 510 2121 »Ζεῦ
554 2039 785 2125 πάτερ,
833 2039 914 2104 οὐ
959 2035 1081 2123 μὲν
1124 2041 1329 2104 καλὸν
1373 2040 1693 2127 ὑπέρβιον
1739 2041 2194 2126 εὐχετάασθαι.

335 2138 474 2209 οὔτ’
516 2138 639 2210 οὖν
683 2145 1043 2229 παρδάλιος
1086 2147 1329 2210 τόσσον
1375 2145 1571 2230 μένος
1616 2147 1768 2211 οὔτε
1813 2146 2081 2223 λέοντος
2275 2163 2350 2212 20

336 2250 488 2315 οὔτε
535 2252 696 2327 συὸς
739 2251 996 2332 κάπρου
1040 2250 1481 2336 ὀλοόφρονος,
1529 2246 1610 2317 οὗ
1652 2275 1724 2316 τε
1770 2250 2073 2336 μέγιστος

333 2356 554 2439 θυμὸς
599 2353 699 2420 ε’νὶ
745 2359 1061 2438 στήθεσσι
1104 2355 1255 2441 περὶ
1301 2356 1535 2421 σθένει·
1573 2359 1972 2440 βλεμεαίνει,

336 2461 541 2526 ὅσσον
588 2464 915 2525 Πανθόου
961 2453 1102 2537 υἶες
1146 2461 1486 2545 εὐμμελίαι
1531 2461 1955 2547 φρονέουσιν.

337 2562 495 2629 οὐδὲ
541 2561 661 2648 μὲν
708 2562 864 2629 οὐδὲ
912 2568 1022 2648 βίη
1061 2562 1496 2652 Ὑπερήνορος
1542 2567 1938 2652 ἱπποδάμοιο
2132 2637 2135 2640 ,

333 2665 413 2753 ἧς
457 2670 621 2752 ἥβης
665 2667 979 2752 ἀπόνηθ’,
1026 2671 1133 2735 ὅτε
1178 2666 1249 2754 μ’
1294 2672 1506 2736 ὤνατο
1552 2675 1670 2737 καί
1706 2669 1773 2756 μ’
1816 2671 2167 2757 ὑπέμεινεν
2271 2688 2343 2738 25

335 2778 452 2839 καί
491 2771 575 2859 μ’,
601 2770 785 2857 ἔφατ’
831 2773 903 2839 ε’ν
947 2778 1321 2840 Δαναοῖσιν
1368 2774 1742 2860 ἐλέγχιστον
1786 2780 2187 2863 πολεμιστὴν

338 2882 635 2963 ἔμμεναι·
683 2876 847 2943 οὐδέ
886 2878 925 2943 ἕ
963 2902 1130 2963 φημι
1175 2881 1457 2946 πόδεσσί
1494 2905 1569 2964 γε
1615 2875 1748 2947 οἷσι
1792 2886 2019 2948 κιόντα

339 2984 664 3067 εὐφρῆναι
708 2985 951 3068 ἄλοχόν
994 3008 1064 3050 τε
1110 2989 1316 3069 φίλην
1359 2987 1635 3065 κεδνούς
1678 3011 1748 3053 τε
1791 2998 2045 3072 τοκῆας.

341 3090 427 3165 ὥς
470 3095 607 3170 θην
650 3087 761 3153 καὶ
806 3091 927 3154 σὸν
973 3089 1100 3173 ἐγὼ
1147 3092 1328 3155 λύσω
1375 3091 1599 3175 μένος,
1647 3099 1714 3158 εἴ
1748 3091 1827 3158 κέ
1865 3116 1989 3177 μευ
2036 3095 2202 3159 ἄντα
2398 3163 2410 3170 ,

340 3195 564 3279 στήῃς·
610 3193 774 3258 ἀλλά
819 3191 880 3258 σ’
924 3194 1050 3278 ἐγώ
1096 3192 1160 3278 γ’
1204 3196 1720 3280 ἀναχωρήσαντα
1772 3198 2017 3264 κελεύω
2135 3284 2138 3287 Ἴ
2271 3217 2343 3265 30

340 3299 407 3376 ἐς
450 3301 717 3380 πληθὺν
763 3296 963 3382 ἰέναι,
1009 3298 1163 3385 μηδ’
1205 3300 1427 3377 ἀντίος
1472 3299 1680 3366 ἵστασ’
1725 3303 1931 3387 ἐμεῖο,

334 3407 497 3491 πρίν
540 3426 602 3468 τι
647 3406 851 3471 κακὸν
894 3406 1202 3472 παθέειν·
1247 3404 1489 3491 ῥεχθὲν
1536 3407 1615 3472 δέ
1653 3431 1722 3473 τε
1766 3411 2001 3492 νήπιος
2047 3411 2288 3494 ἕγνω.“

430 3505 516 3588 ὥς
543 3511 744 3596 φάτο,
771 3512 889 3577 τὸν
918 3510 980 3577 δ’
1017 3513 1098 3579 οὐ
1125 3519 1384 3579 πεῖθεν·
1414 3513 1841 3598 ἀμειβόμενος
1870 3512 1943 3580 δὲ
1961 3518 2342 3602 προσηύδα·
