2525 3884
314 183 404 249 96
1105 186 1407 238 ῙΑΙΑΔοΣ
1443 186 1516 241 11.

315 324 480 393 οὐδὲ
525 324 806 412 δάμασσ’
825 347 842 364 ·
887 328 924 394 ὁ
961 324 1083 412 μὲν
1129 323 1314 405 αὖτις
1350 327 1707 414 ἀνέδραμε,
1754 338 1940 412 μῖκτο
1979 322 2041 395 δ’
2084 328 2353 416 ὁμίλῳ,

319 433 421 515 [ἐκ
466 434 662 518 χροὸς
706 431 996 519 ἁρπάξας
1041 435 1206 519 δόρυ
1252 436 1585 518 μείλινον,
1632 431 1777 500 οὐδ’
1819 432 2187 519 ὑπέμεινεν
2349 494 2352 497 .

318 538 740 626 Πάτροκλον,
785 541 1041 624 γυμνόν
1083 561 1207 625 περ
1253 533 1448 622 ἐόντ’,
1497 539 1570 605 έν
1617 541 1911 624 δηιοτῆτι
1922 542 1965 623 ·]
2240 555 2354 605 815

318 646 703 730 Πάτροκλος
748 643 822 712 δὲ
866 652 1037 711 θεοῦ
1079 650 1296 730 πληγῇ
1341 643 1452 710 καὶ
1498 643 1694 733 δουρὶ
1740 643 2106 729 δαμασθεὶς

314 748 412 829 ἂψ
457 749 705 837 ἑτάρων
751 753 845 830 εἰς
890 753 1094 828 ἔθνος
1139 750 1395 834 ἐχάζετο
1440 745 1587 838 κῆρ’
1628 751 1963 819 ἀλεείνων.

273 918 277 923 ,
311 847 555 941 Ἐκτωρ
602 854 664 922 δ’
708 857 798 933 ὡς
842 851 1020 921 εἶδεν
1065 861 1466 942 Πατροκλῆα
1510 857 1902 941 μεγάθυμον

314 960 412 1041 ἂψ
456 962 942 1047 ἀναχαζόμενον
987 961 1398 1046 βεβλημένον
1444 960 1580 1041 ὀξέι
1623 968 1873 1051 χαλκῷ,

314 1067 676 1153 ἀγχίμολόν
721 1067 806 1154 ῥά
851 1068 922 1133 οἱ
957 1062 1127 1151 ἦλθε
1169 1069 1334 1133 κατά
1377 1071 1630 1154 στίχας,
1678 1064 1841 1134 οὖτα
1888 1064 1962 1134 δὲ
2008 1066 2213 1155 δουρὶ
2231 1083 2347 1134 820
2477 1112 2478 1117 κ

316 1176 580 1239 νείατον
625 1174 692 1251 ἐς
734 1184 1052 1257 κενεῶνα,
1099 1174 1339 1260 διαπρὸ
1388 1171 1463 1240 δὲ
1506 1176 1750 1258 χαλκὸν
1794 1177 2089 1239 ἔλασσεν.
2304 1261 2313 1269 ⁹

316 1280 654 1363 δούπησεν
700 1276 774 1345 δὲ
816 1280 1074 1365 πεσών,
1120 1278 1286 1364 μέγα
1332 1277 1391 1345 δ’
1435 1281 1636 1364 ἤκαχε
1680 1281 1845 1346 λαὸν
1885 1274 2182 1365 Ἀχαιῶν.

313 1385 408 1463 ὡς
453 1383 514 1450 δ’
557 1386 664 1452 ὅτε
710 1394 836 1452 σῦν
882 1386 1217 1470 ἀκάμαντα
1262 1383 1435 1451 λέων
1480 1386 1785 1469 ἐβιήσατο
1829 1387 2074 1471 χάρμῃ,

317 1491 371 1555 ὥ
404 1487 464 1556 τ’
506 1492 696 1576 ὄρεος
737 1500 1073 1578 κορυφῇσι
1115 1490 1282 1575 μέγα
1328 1488 1691 1577 φρονέοντε
1735 1491 2077 1576 μάχεσθον

312 1598 593 1674 πίδακος
636 1594 798 1681 ἀμφ’
843 1597 1093 1680 ὀλίγης·
1140 1595 1453 1662 ἐθέλουσι
1497 1594 1574 1663 δὲ
1617 1595 1848 1681 πιέμεν
1891 1598 2119 1682 ἄμφω·
2224 1611 2335 1662 826

312 1704 528 1768 πολλὰ
572 1700 653 1768 δέ
690 1699 747 1766 τ’
791 1701 1250 1786 ἀσθμαίνοντα
1295 1701 1464 1769 λέων
1511 1703 1836 1788 ἐδάμασσε
1881 1705 2144 1788 βίηφιν·

314 1805 409 1885 ὧς
450 1805 692 1884 πολέας
733 1810 1073 1890 πεφνόντα
1116 1811 1484 1874 Μενοιτίου
1530 1809 1809 1894 ἄλκιμον
1851 1810 2007 1875 υἱὸν

308 1906 554 2001 Ἕκτωρ
601 1915 991 2000 Πριαμίδης,
1020 1915 1258 1999 σχεδὸν
1304 1917 1482 2000 ἔγχει·
1520 1917 1747 2000 θυμὸν
1783 1914 2074 2001 ἀπηύρα,

314 2023 434 2087 καί
473 2022 543 2086 οἱ
582 2021 1017 2106 ἐπευχόμενος
1061 2022 1217 2085 ἔπεα
1260 2022 1618 2106 πτερόεντα
1661 2022 2036 2107 προσηύδα·

317 2121 719 2213 ,,Πάτροκλ’,
764 2122 807 2211 ἦ
851 2148 982 2192 που
1029 2110 1297 2210 ἔφησθα
1331 2128 1529 2192 πόλιν
1572 2126 1949 2212 κεραϊξέμεν
1984 2125 2190 2210 ἀμήν,
2221 2141 2329 2192 830

326 2234 668 2319 Τρωιάδας
713 2229 788 2298 δὲ
830 2243 1178 2316 γυναῖκας,
1225 2232 1585 2316 ἐλεύθερον
1626 2228 1804 2317 ἦμαρ
1850 2232 2171 2319 ἀπούρας,

315 2337 498 2417 ἄξειν
543 2338 616 2404 ἐν
660 2341 892 2422 νήεσσι
927 2342 1132 2423 φίλην
1177 2338 1245 2415 ἐς
1288 2340 1572 2424 πατρίδα
1615 2349 1841 2422 γαῖαν,

319 2446 538 2527 νήπιε·
582 2444 760 2508 τάων
807 2439 882 2509 δὲ
923 2439 1168 2525 πρόσθ’
1194 2442 1509 2530 ”Εκτορος
1554 2443 1749 2522 ὠκέες
1792 2446 1981 2511 ἵπποι

313 2548 560 2616 ποσσὶν
605 2548 1007 2634 ὀρωρέχαται
1050 2553 1448 2634 πολεμίζειν·
1493 2551 1674 2635 ἔγχει·
1713 2547 1775 2616 δ’
1818 2552 2018 2628 αὐτὸς

326 2654 548 2744 Τρωσὶ
592 2653 1131 2741 φιλοπτολέμοισι
1175 2653 1592 2742 μεταπρέπω,
1638 2656 1677 2722 ὅ
1722 2673 1886 2741 σφιν
1932 2657 2160 2742 ἀμύνω
2219 2668 2321 2722 836

317 2758 493 2849 ἦμαρ
540 2761 928 2844 ἀναγκαῖον·
973 2757 1047 2826 σὲ
1092 2759 1172 2826 δέ
1209 2755 1269 2825 τ’
1311 2761 1559 2827 ἐνθάδε
1602 2771 1806 2845 γῦπες
1849 2765 2132 2829 ἔδονται.

316 2863 364 2933 ἀ
409 2861 597 2950 δείλ’,
644 2864 811 2932 οὐδέ
849 2890 953 2932 τοι
997 2865 1239 2944 ἐσθλὸς
1284 2866 1413 2932 ἐὼν
1457 2871 1860 2954 χραίσμησεν
1898 2866 2259 2952 Ἀχιλλεύς,

316 2975 395 3052 ὅς
436 2975 568 3039 πού
612 2996 717 3038 τοι
760 2973 934 3057 μάλα
977 2972 1189 3037 πολλὰ
1231 2969 1453 3056 μένων
1499 2971 1854 3039 ἐπετέλλετ’
1899 2975 2093 3039 ἰόντι·

317 3083 431 3165 ,μή
476 3103 590 3165 μοι
633 3076 793 3166 πρὶν
840 3077 1037 3162 ἱέναι,
1085 3080 1491 3164 Πατρόκλεις
1541 3080 2005 3163 ἱπποκέλευθε,
2461 3144 2466 3147 Α

318 3195 482 3271 νῆας
525 3188 631 3251 ἔπι
674 3185 1046 3271 γλαφυράς,
1090 3182 1250 3271 πρὶν
1279 3182 1592 3271 Ἕκτορος
1636 3185 2087 3272 ἀνδροφόνοιο
2218 3200 2318 3253 840
2371 3218 2376 3221 ·

317 3293 712 3378 αἱματόεντα
755 3301 999 3376 χιτῶνα
1041 3288 1192 3377 περὶ
1236 3294 1556 3375 στήθεσσι
1602 3291 1860 3370 δαΐξαιέ

318 3393 411 3477 ὦς
454 3398 585 3463 πού
630 3413 706 3463 σε
749 3395 1079 3484 προσέφη,
1128 3394 1236 3462 σοὶ
1283 3392 1358 3462 δὲ
1403 3394 1653 3483 φρένας
1696 3399 1943 3484 ἄφρονι
1985 3399 2282 3466 πεῖθεν.“

408 3504 527 3570 τὸν
580 3499 640 3569 δ’
688 3499 1174 3589 ὀλιγοδρανέων
1227 3500 1592 3587 προσέφης,
1648 3506 2055 3587 Πατρόκλεις
2099 3505 2317 3572 ἱππεῦ·
