2525 3884
205 190 338 254 232
999 189 1303 242 ῙΛῙΑΔοΣ
1338 189 1413 242 Ψ,

206 334 370 399 ἄντα
416 329 478 399 δ’
521 330 947 419 ἀνασχομένω
991 329 1178 417 χερσὶ
1224 334 1613 416 στιβαρῇσιν
1659 327 1770 415 ἅμ’
1812 330 2009 416 ἄμφω

208 440 336 504 σύν
382 436 442 523 ῤ’
489 441 756 522 ἔπεσον,
804 440 931 503 σὺν
978 435 1058 504 δέ
1098 430 1219 522 σφι
1266 440 1526 521 βαρεῖαι
1569 446 1782 521 χεῖρες
1826 439 2129 521 ἔμιχθεν·

211 544 429 621 δεινὸς
476 540 550 611 δὲ
594 543 924 629 χρόμαδος
967 546 1227 628 γενύων
1272 537 1509 627 γένετῖ,
1561 544 1744 628 ἔρρεε
1790 536 1851 608 δ’
1894 543 2095 628 ἱδρὼς

207 649 547 716 πάντοθεν
593 650 665 717 ἐκ
708 648 975 735 μελέων.
1065 647 1170 716 ἐπὶ
1215 646 1279 715 δ’
1323 651 1582 730 ώρνυτο
1628 649 1771 725 δῖος
1807 645 2088 729 Ἐπειός,

207 754 372 832 κόψε
417 751 492 820 δὲ
536 757 962 839 παπτήναντα
1005 758 1319 840 παρήιον·
1366 751 1513 821 οὐδ’
1558 747 1664 839 ἄρ’
1709 757 1804 820 ἔτι
1851 755 1975 838 δὴν
2114 771 2220 820 690

209 859 532 945 ἑστήκειν·
579 862 784 953 αὐτοῦ
827 862 954 945 γὰρ
1000 860 1289 945 ὑπήριπε
1336 860 1620 945 φαίδιμα
1664 869 1838 945 γυῖα.

210 965 300 1042 ὡς
344 961 406 1030 δ’
457 962 568 1031 ὅθ’
617 965 745 1031 ὑπὸ
792 967 1027 1052 φρικὸς
1069 964 1299 1052 Βορέω
1344 965 1781 1031 ἀναπάλλεται
1825 968 2022 1051 ἰχθὺς

208 1067 352 1136 θίν’
403 1070 476 1136 ἐν
520 1074 890 1156 φυκιόεντι,
937 1070 1141 1156 μέλαν
1188 1069 1268 1137 δέ
1310 1069 1342 1137 ἑ
1384 1080 1558 1159 κῦμα
1600 1071 1926 1154 κάλυψεν,

212 1172 300 1254 ὧς
343 1175 613 1261 πληγεὶς
656 1176 997 1244 ἀνέπαλτο.
1043 1178 1205 1265 ἀτὰρ
1250 1177 1635 1261 μεγάθυμος
1673 1172 1921 1254 Ἐπειὸς

209 1281 394 1369 χερσὶ
440 1284 662 1367 λαβὼν
710 1285 1014 1366 ὤρθωσε·
1058 1287 1248 1370 φίλοι
1294 1279 1356 1349 δ’
1409 1281 1749 1370 ἀμφέσταν
1795 1283 2070 1371 ἑταῖροι,
2116 1300 2219 1351 695

212 1389 285 1454 οἵ
322 1413 438 1473 μιν
482 1390 649 1474 ἄγον
696 1385 783 1455 δι’
834 1390 1092 1474 ἀγῶνος
1137 1388 1639 1475 ἐφελκομένοισι
1682 1392 1999 1457 πόδεσσιν

212 1487 372 1580 αἷμα
414 1497 590 1580 παχὺ
634 1494 957 1579 πτύοντα,
1012 1497 1179 1580 κάρη
1232 1491 1554 1579 βάλλονθ’
1605 1494 1904 1580 ἑτέρωσε·
1963 1504 1970 1511 ’

211 1601 339 1666 κὰδ
384 1596 446 1666 δ’
492 1600 1073 1687 ἄλλο-φρονέοντα
1119 1603 1279 1685 μετὰ
1322 1604 1555 1685 σφίσιν
1602 1595 1788 1667 εἷσαν
1831 1604 2132 1686 ἄγοντες,

214 1703 407 1770 αὐτοὶ
453 1699 513 1771 δ’
565 1707 898 1790 οἰχόμενοι
940 1709 1220 1790 κόμισαν
1269 1704 1469 1784 δέπας
1514 1706 2026 1792 ἀμφικύπελλον.

278 1812 638 1894 ὁΠηλεΐδης
683 1807 744 1876 δ’
797 1805 942 1889 αἶψ’
984 1811 1149 1877 ἄλλα
1184 1813 1347 1877 κατὰ
1382 1815 1569 1896 τρίτα
1604 1819 1813 1897 θῆκεν
1849 1807 2080 1897 ἄεθλα,
2120 1831 2225 1881 700

215 1916 644 2001 δεικνύμενος
687 1922 1048 2000 Δαναοῖσι,
1093 1919 1638 2002 παλαισμοσύνης
1681 1917 2045 2004 ἀλεγεινῆς,

79 2038 89 2073 ·'
215 2031 305 2113 τῷ
352 2019 473 2108 μὲν
516 2026 862 2108 νικήσαντι
908 2020 1118 2108 μέγαν
1161 2018 1421 2109 τρίποδ’
1475 2023 1958 2109 ἐμπυριβήτην,

213 2131 334 2196 τὸν
382 2125 455 2195 δὲ
501 2130 995 2213 δυωδεκάβοιον
1041 2126 1142 2195 ἐνὶ
1187 2133 1378 2214 σφίσι
1422 2140 1567 2195 τῖον
1609 2126 1882 2215 Ἀχαιοί·

216 2233 413 2319 ἀνδρὶ
459 2231 537 2325 δὲ,
576 2234 919 2329 νικηθέντι
963 2230 1222 2318 γυναῖκ’
1275 2234 1341 2312 ἐς
1384 2234 1631 2319 μέσσον
1676 2239 1947 2320 ἔθηκεν,

215 2342 427 2407 πολλὰ
474 2335 534 2405 δ’
587 2340 889 2406 ἐπίστατο
936 2342 1125 2425 ἔργα,
1170 2344 1315 2407 τίον
1362 2338 1442 2406 δέ
1483 2339 1517 2406 ἕ
1557 2343 2048 2426 τεσσαράβοιον.
2123 2361 2226 2410 ’105

217 2456 337 2531 στῆ
385 2440 451 2511 δ’
501 2445 709 2530 ὀρθὸς
750 2443 860 2510 καὶ
905 2453 1130 2530 μῦθον
1176 2446 1249 2513 ἐν
1281 2441 1671 2533 Ἀργείοισιν
1715 2449 1953 2514 ἔειπεν·

219 2547 579 2639 ,,ὄρνυσθ’,
627 2554 700 2616 οἳ
735 2550 847 2616 καὶ
890 2552 1133 2617 τούτου
1180 2550 1430 2618 ἀέθλου
1473 2555 1981 2637 πειρήσεσθον.“

219 2654 308 2736 ὧς
353 2652 567 2742 ἔφατ’,
625 2651 796 2740 ὦρτο
845 2652 907 2722 δ’
960 2658 1177 2723 ἔπειτα
1223 2656 1423 2743 μέγας
1475 2660 1890 2742 Τελαμώνιος
1933 2665 2127 2744 Αἶας,

219 2763 305 2831 ἂν
352 2760 412 2829 δ’
460 2758 769 2838 Ὀδυσεὺς
810 2762 1171 2846 πολύμητις
1217 2762 1557 2847 ἀνίστατο,
1602 2763 1838 2849 κέρδεα
1884 2766 2091 2844 εἰδώς.

223 2867 569 2953 ζωσαμένω
618 2864 681 2933 δ’
732 2868 860 2955 ἄρα
903 2868 995 2933 τώ
1040 2892 1115 2952 γε
1161 2870 1369 2953 βάτην
1414 2869 1481 2947 ἐς
1525 2869 1770 2954 μέσσον
1816 2870 2067 2956 ἀγῶνα,
2126 2890 2232 2940 710

221 2975 423 3059 ἀγκὰς
468 2967 530 3038 δ’
580 2973 883 3058 ἀλλήλων
930 2971 1210 3058 λαβέτην
1253 2974 1440 3058 χερσὶ
1483 2979 1870 3061 στιβαρῇσιν

223 3080 312 3158 ὡς
357 3074 451 3145 ὅτ’
504 3078 902 3165 ἀμείβοντες,
947 3080 1104 3157 τούς
1145 3104 1215 3145 τε
1258 3082 1495 3159 κλυτὸς
1536 3083 1743 3168 ἤραρε
1783 3082 2055 3166 τέκτων,

223 3187 521 3271 δώματος
565 3185 871 3269 ὑψηλοῖο,
917 3188 1067 3269 βίας
1112 3184 1373 3272 ἀνέμων
1420 3186 1752 3253 ἀλεείνων.

222 3294 501 3376 τετρίγει
547 3285 608 3356 δ’
660 3292 786 3376 ἄρα
832 3302 1009 3384 νῶτα
1051 3291 1434 3377 θρασειάων
1479 3291 1606 3358 ἀπὸ
1652 3304 1892 3380 χειρῶν

225 3397 542 3483 ἑλκόμενα
588 3407 889 3481 στερεῶς·
934 3399 1098 3463 κατὰ
1144 3395 1218 3463 δὲ
1261 3399 1484 3475 νότιος
1528 3396 1678 3482 ῥέεν
1724 3401 1951 3484 ἱδρώς,
2133 3418 2237 3467 ‘115

224 3501 471 3569 πυκναὶ
517 3499 590 3568 δὲ
637 3502 1005 3587 σμώδιγγες
1047 3502 1174 3568 ἀνὰ
1216 3503 1502 3589 πλευράς
1545 3527 1617 3570 τε
1659 3503 1770 3570 καὶ
1816 3506 2034 3591 ὤμους
