2525 3884
1025 144 1327 195 ιΑῙΑΔοΣ
1362 125 1516 195 x111.
2195 142 2278 207 19

262 287 680 350 παπταίνων·
732 289 950 372 Τρῶες
995 283 1069 351 δὲ
1113 285 1512 372 περισταδὸν
1557 286 1847 350 ἄλλοθεν
1890 286 2088 362 ἄλλος

266 390 550 469 οὔταζον
597 391 797 468 σάκος
842 391 1004 478 εὐρὺ
1048 394 1444 474 παναίολον,
1492 387 1651 456 οὐδὲ
1697 390 1987 456 δύναντο

264 501 425 561 εἴσω
474 496 830 582 ἐπιγράψαι
873 495 1105 582 τέρενα
1149 500 1315 582 χρόα
1358 495 1545 580 νηλέι
1589 497 1805 583 χαλκῷ
2105 573 2110 579 ,

257 595 671 686 Ἀντιλόχου·
717 600 867 689 πέρι
911 603 1037 688 γάρ
1084 602 1167 687 ῥα
1215 602 1608 668 Ποσειδάων
1656 601 2025 685 ἐνοσίχθων

265 706 617 794 Νέστορος
658 708 812 772 υἱὸν
858 710 1053 793 ἔρυτο
1097 706 1209 773 καὶ
1254 707 1328 773 έν
1371 713 1675 774 πολλοῖσι
1720 706 2040 791 βέλεσσιν.
2176 723 2278 774 555

265 812 353 877 οὐ
400 809 522 897 μὲν
566 813 692 900 γάρ
739 808 890 879 ποτ’
941 815 1103 879 ἄνευ
1147 814 1357 896 δηίων
1399 809 1514 897 ἦν,
1561 813 1725 879 ἀλλὰ
1767 809 1907 877 κατ’
1960 811 2201 889 αὐτοὺς

265 919 639 1003 στρωφᾶτ’·
698 917 863 984 οὐδέ
904 920 975 984 οί
1014 921 1202 1003 ἔγχος
1246 914 1337 1002 ἔχ’
1389 918 1695 1005 ἀτρέμας,
1743 918 1908 984 ἀλλὰ
1951 912 2101 1002 μάλ’
2153 916 2279 984 αἰεὶ

263 1026 617 1108 σειόμενον
664 1023 978 1090 ἐλέλικτο·
1022 1026 1357 1090 τιτύσκετο
1405 1021 1480 1089 δὲ
1525 1021 1766 1109 φρεσὶν
1809 1015 1965 1109 ᾗσιν

259 1130 309 1212 ἤ
357 1151 473 1194 τευ
519 1129 901 1195 ἀκοντίσσαι
946 1127 1021 1213 ὴὲ
1066 1131 1305 1215 σχεδὸν
1352 1131 1745 1218 ὁρμηθῆναι.

359 1229 501 1300 ἀλλ’
536 1235 619 1300 οὐ
646 1234 801 1319 λῆθ’
831 1231 1200 1321 Ἀδάμαντα
1225 1238 1691 1320 τιτυσκόμενος
1716 1230 1871 1300 καθ’
1906 1236 2139 1320 ὅμιλον
2175 1252 2279 1303 560

254 1337 597 1425 Ἀσιάδην,
645 1342 682 1407 ὅ
730 1342 800 1407 οί
840 1336 1002 1407 οὖτα
1047 1340 1251 1426 μέσον
1298 1341 1495 1418 σάκος
1541 1339 1675 1419 ὀξέι
1718 1342 1934 1429 χαλκῷ

263 1447 558 1531 ἐγγύθεν
607 1447 952 1533 ὁρμηθείς·
999 1447 1423 1532 ἀμενήνωσεν
1469 1445 1549 1513 δέ
1588 1448 1659 1511 οἰ
1698 1448 1938 1531 αἰχμὴν

260 1563 670 1637 κυανοχαῖτα
719 1553 1144 1636 Ποσειδάων,
1191 1555 1443 1637 βιότοιο
1489 1554 1794 1640 μεγήρας.

258 1656 377 1723 καὶ
419 1660 494 1724 τὸ
541 1656 663 1743 μὲν
709 1658 916 1724 αὐτοῦ
960 1657 1131 1743 μεῖν’
1185 1659 1274 1736 ὥς
1315 1682 1385 1724 τε
1432 1664 1683 1736 σκῶλος
1726 1662 2188 1745 πυρίκαυστος,

263 1764 343 1830 έν
390 1764 573 1829 σάκει
611 1759 1035 1848 Ἀντιλόχοιο,
1080 1765 1156 1830 τὸ
1203 1759 1265 1828 δ’
1318 1765 1521 1848 ἥμισυ
1566 1762 1722 1830 κεῖτ’
1780 1762 1882 1830 ἐπὶ
1928 1768 2144 1848 γαίης·
2174 1781 2276 1831 565

262 1868 361 1947 ἂψ
408 1864 470 1933 δ’
522 1867 773 1956 ἑτάρων
818 1871 912 1946 εἰς
956 1871 1157 1946 ἔθνος
1204 1869 1459 1954 ἐχάζετο
1506 1867 1652 1956 κῆρ’
1698 1870 2039 1936 ἀλεείνων·

260 1978 620 2062 Μηριόνης
663 1972 725 2039 δ’
778 1974 1054 2040 ἀπιόντα
1100 1978 1588 2059 μετασπόμενος
1632 1976 1789 2060 βάλε
1836 1974 2031 2058 δουρὶ

263 2081 546 2146 αἰδοίων
590 2103 658 2146 τε
704 2084 957 2165 μεσηγὺ
1002 2077 1112 2145 καὶ
1159 2081 1496 2166 ὀμφαλοῦ,
1543 2083 1714 2147 ἔνθα
1759 2081 2037 2165 μάλιστα

261 2181 513 2270 γίγνετ’
543 2185 748 2269 ’Ἀρης
793 2186 1128 2270 ἀλεγεινὸς
1173 2187 1492 2275 ὀιζυροῖσι
1539 2189 1897 2272 βροτοῖσιν.

263 2295 437 2358 ἔνθα
485 2293 556 2357 οί
583 2294 786 2376 ,ἔγχος
831 2290 1091 2375 ἔπηξεν·
1141 2293 1176 2358 ὁ
1225 2290 1289 2357 δ’
1347 2291 1705 2376 ἑσπόμενος
1747 2290 1899 2379 περὶ
1945 2292 2140 2381 δουρὶ
2172 2311 2276 2361 570

260 2395 559 2483 ἤσπαιρ’,
607 2398 697 2475 ὡς
742 2398 849 2463 ὅτε
893 2401 1085 2482 βοῦς,
1130 2401 1249 2464 τόν
1296 2395 1356 2462 τ’
1410 2398 1635 2485 οὔρεσι
1680 2401 1993 2482 βουκόλοι
2037 2400 2277 2487 ἄνδρες

268 2505 527 2569 ἰλλάσιν
575 2503 699 2568 οὐκ
744 2503 1063 2569 ἐθέλοντα
1109 2507 1220 2590 βίῃ
1271 2505 1590 2588 δήσαντες
1633 2506 1941 2588 ἄγουσιν·

267 2605 357 2687 ὧς
400 2610 435 2675 ὁ
481 2607 707 2687 τυπεὶς
747 2611 1028 2697 ἤσπαιρε
1073 2611 1372 2694 μίνυνθά
1415 2632 1568 2694 περ,
1616 2610 1699 2675 οὔ
1732 2634 1797 2676 τι
1842 2610 2015 2693 μάλα
2061 2611 2215 2694 δήν,

266 2718 444 2803 ὄφρα
490 2717 561 2781 οί
600 2715 670 2782 ἐκ
715 2717 913 2803 χροὸς
957 2719 1145 2801 ἔγχος
1191 2714 1585 2782 ἀνεσπάσατ’
1640 2715 1928 2800 ἐγγύθεν
1975 2715 2194 2782 ἐλθὼν

266 2823 439 2908 ἥρως
482 2824 863 2906 Μηριόνης·
907 2824 1027 2888 τὸν
1073 2820 1147 2888 δὲ
1193 2826 1425 2900 σκότος
1469 2825 1625 2888 ὄσσε
1669 2823 1980 2900 κάλυψεν.
2172 2839 2274 2889 575

353 2931 707 3014 Δηίπυρον
754 2924 815 2993 δ’
853 2927 1122 3006 ’Ἕλενος
1167 2927 1347 3015 ξίφει·
1388 2930 1629 3014 σχεδὸν
1673 2930 1876 3011 ἤλασε
1921 2930 2168 3015 κόρσην

166 3054 171 3059 ·
270 3038 556 3122 Θρηικίφ
602 3035 882 3122 μεγάλω,
930 3034 1056 3099 ἀπὸ
1103 3032 1178 3100 δὲ
1221 3036 1630 3120 τρυφάλειαν
1676 3033 1931 3121 ἄραξεν.

268 3140 308 3224 ἡ
351 3137 473 3223 μὲν
518 3139 1056 3224 ἀποπλαγχθεῖσα
1099 3139 1301 3225 χαμαὶ
1345 3140 1531 3222 πέσε,
1577 3143 1693 3205 καί
1730 3162 1830 3216 τις
1868 3136 2145 3223 Ἀχαιῶν

271 3245 703 3332 μαρναμένων
748 3248 907 3331 μετὰ
949 3243 1148 3311 ποσσὶ
1192 3245 1679 3330 κυλινδομένην
1726 3244 2096 3328 ἐκόμισσεν·

269 3353 382 3418 τὸν
428 3348 503 3416 δὲ
549 3348 687 3416 κατ’
734 3352 1106 3437 ὀφθαλμῶν
1152 3351 1462 3437 ἐρεβεννὴ
1508 3349 1629 3428 νὺξ
1669 3349 2012 3428 ἐκάλυψεν.
2168 3364 2273 3414 580

346 3453 685 3543 Ἀτρεΐδην
731 3454 793 3521 δ’
847 3458 1003 3541 ἄχος
1050 3450 1207 3538 εἷλε,
1255 3458 1424 3539 βοὴν
1469 3455 1729 3538 ἀγαθὸν
1777 3454 2157 3582 Μενέλαον,

1883 3557 1914 3603 2
