2525 3884
918 188 1217 240 ῙΛΙΑΔοΣ
1251 189 1420 241 xvn.
2039 184 2165 248 113

163 338 298 413 στῆ
338 326 395 394 δ’
437 331 676 396 ὄπιθεν
722 332 1023 414 δίφροιο,
1069 328 1179 395 καὶ
1223 327 1697 414 Αὐτομέδοντα
1739 330 2112 415 προσηύδα·

159 436 626 520 ,,Αὐτόμεδον,
672 439 772 513 τίς
813 439 925 502 τοί
960 461 1048 502 νυ
1092 443 1276 502 θεῶν
1320 434 1641 522 νηκερδέα
1686 437 1937 520 βουλὴν

161 542 248 607 ἐν
294 545 643 625 στήθεσσιν
689 545 891 626 ἔθηκε
933 540 1043 608 καὶ
1090 541 1339 620 ἐξέλετο
1386 539 1635 627 φρένας
1680 541 1953 618 ἐσθλάς;
2064 556 2167 605 470

132 638 321 712 ὀἷον
361 648 521 733 πρὸς
572 650 801 732 Τρῶας
836 649 1069 733 μάχεαι
1111 647 1347 735 πρώτω
1396 646 1468 711 ἐν
1513 645 1722 734 ὁμίλῳ

160 762 438 837 μοῦνος·
482 754 646 838 ἀτάρ
681 760 794 818 ’τοι
839 753 1095 840 ἑταῖρος
1138 750 1484 836 ἀπέκτατο,
1531 753 1762 836 τεύχεα
1808 745 1872 816 δ’
1916 748 2168 835 Ἕκτωρ

160 859 367 936 αὐτὸς
408 862 576 944 ἔχων
623 862 901 946 ὤμοισιν
946 860 1292 944 ἀγάλλεται
1337 859 1730 925 Αίακίδαο.“
1770 874 1777 881 ’

262 967 374 1030 τὸν
419 964 479 1032 δ’
526 961 671 1031 αὖτ’
712 963 1120 1051 Αὐτομέδων
1163 963 1465 1051 προσέφη
1510 965 1811 1051 Διώρεος
1854 964 2025 1041 υἱός·

163 1067 616 1156 »Ἀλκίμεδον,
661 1076 762 1150 τίς
804 1073 932 1157 γάρ
976 1095 1081 1137 τοι
1116 1069 1398 1157 Ἀχαιῶν
1432 1073 1638 1149 ’ἄλλος
1683 1071 1911 1157 ὁμοῖος
2066 1085 2169 1136 475

162 1178 384 1244 ἳππων
427 1178 783 1245 ἀθανάτων
829 1174 1055 1262 ἐχέμεν
1102 1178 1344 1262 δμῆσίν
1386 1198 1459 1241 τε
1501 1177 1700 1262 μένος
1741 1200 1842 1261 τε,

163 1285 236 1347 εἰ
277 1286 359 1367 μὴ
402 1285 819 1371 Πάτροκλος,
859 1286 1108 1369 θεόφιν
1154 1285 1422 1378 μήστωρ
1468 1283 1852 1367 ἀτάλαντος,

167 1392 330 1468 ζωὸς
372 1390 527 1456 ἐών·
570 1396 698 1456 νῦν
744 1384 830 1456 αὖ
873 1390 1166 1466 θάνατος
1207 1385 1321 1453 καὶ
1365 1398 1564 1471 μοῖρα
1605 1390 1876 1472 κιχάνει.

165 1495 333 1561 ἀλλὰ
376 1499 461 1561 σὺ
505 1493 627 1581 μὲν
661 1496 952 1581 μάστιγα
995 1492 1107 1561 καὶ
1149 1494 1306 1577 ἡνία
1352 1496 1741 1577 σιγαλόεντα

166 1599 376 1685 δέξαι,
423 1601 550 1686 ἐγὼ
597 1598 659 1667 δ’
703 1603 919 1667 ἵππων
956 1600 1402 1684 ἀποβήσομαι,
1449 1601 1627 1686 ’όφρα
1664 1601 2029 1686 μάχωμαι.“
2065 1617 2170 1667 480

260 1702 346 1786 ὧς
388 1704 606 1793 ἔφατ’,
645 1702 1042 1791 Ἀλκιμέδων
1089 1702 1162 1770 δὲ
1207 1708 1508 1790 βοηθόον
1552 1702 1706 1792 ἅρμ’
1750 1706 2114 1791 ἐπορούσας

165 1815 588 1897 καρπαλίμως
631 1813 911 1896 μάστιγα
954 1808 1064 1876 καὶ
1106 1809 1264 1894 ἡνία
1309 1812 1531 1891 λάζετο
1576 1817 1833 1899 χερσίν,

168 1917 575 2004 Αὐτομέδων
621 1914 683 1983 δ’
727 1918 1075 2001 ἀπόρουσε.
1163 1921 1367 2003 νόησε
1421 1916 1496 1984 δὲ
1541 1921 1856 2003 φαίδιμος
1886 1917 2168 2003 Ἕκτωρ,

169 2025 401 2091 αὐτίκα
446 2023 508 2091 δ’
551 2027 830 2091 Αἰνείαν
872 2026 1341 2110 προσεφώνεεν
1395 2025 1592 2109 ἐγγὺς
1636 2024 1856 2091 ἐόντα·

166 2133 447 2215 ,,Αἰνεία
499 2131 749 2217 Τρώων
792 2133 1170 2217 βουληφόρε
1215 2130 1748 2217 χαλκοχιτώνων,
2066 2145 2169 2195 485

168 2238 341 2303 ἵππω
384 2234 540 2303 τώδ’
585 2237 827 2319 ἐνόησα
869 2238 1207 2313 ποδώκεος
1250 2237 1577 2302 Αἰακίδαο

167 2345 232 2422 ἐς
277 2346 567 2428 πόλεμον
611 2341 1028 2427 προφανέντε
1072 2346 1201 2408 σὺν
1245 2342 1574 2427 ἡνιόχοισι
1616 2351 1943 2407 κακοῖσιν·

164 2450 258 2518 τώ
301 2473 417 2515 κεν
463 2448 813 2531 ἐελποίμην
859 2447 1241 2535 αἱρησέμεν,
1291 2450 1354 2513 εἰ
1396 2448 1479 2512 σύ
1523 2470 1600 2530 γε
1641 2453 1839 2536 θυμῷ

166 2563 263 2643 σῷ
312 2554 600 2639 ἐθέλοις,
647 2552 785 2621 ἐπεὶ
831 2555 953 2620 οὐκ
997 2553 1083 2619 ἂν
1128 2551 1586 2640 ἐφορμηθέντε
1619 2576 1696 2637 γε
1731 2564 1855 2618 νῶι

168 2666 389 2728 τλαῖεν
435 2661 810 2744 ἐναντίβιον
854 2661 1125 2738 στάντες
1165 2658 1579 2745 μαχέσασθαι
1604 2659 1864 2745 Ἀρηι.“
2069 2675 2173 2724 490

258 2762 346 2846 ὧς
390 2764 605 2852 ἔφατ’,
651 2760 801 2833 οὐδ’
841 2765 1171 2850 ἀπίθησεν
1218 2765 1331 2843 ἐὺς
1373 2766 1525 2843 πάις
1561 2763 1884 2850 Ἀγχίσαο.

171 2874 259 2938 τὼ
306 2870 368 2938 δ’
423 2875 578 2949 ἰθὺς
621 2876 829 2957 βήτην
874 2871 1070 2958 βοέῃς
1115 2871 1435 2956 εἰλυμένω
1483 2873 1702 2957 ὤμους

173 2979 370 3065 αὔῃσι
414 2987 743 3065 στερεῇσι,
786 2981 996 3054 πολὺς
1041 2972 1103 3043 δ’
1146 2977 1502 3063 ἐπελήλατο
1547 2978 1802 3062 χαλκός.

173 3097 342 3150 τοῖσι
387 3082 450 3149 δ’
493 3085 626 3169 ἅμα
669 3087 961 3168 Χρομίος
1004 3108 1075 3149 τε
1116 3081 1226 3148 καὶ
1252 3083 1535 3168 ’Ἄρητος
1577 3084 1885 3168 θεοειδὴς

175 3192 366 3275 ἤισαν
411 3190 803 3276 ἀμφότεροι·
847 3191 1021 3273 μάλα
1068 3188 1146 3253 δέ
1188 3204 1420 3272 σφισιν
1467 3192 1693 3255 ἔλπετο
1737 3190 1956 3272 θυμὸς
2066 3203 2170 3254 495
2261 3264 2266 3269 ,

174 3296 347 3362 αὐτώ
391 3319 465 3362 τε
505 3295 791 3361 κτενέειν
838 3295 1038 3361 ἐλάαν
1078 3290 1138 3359 τ’
1182 3294 1566 3380 ἐριαύχενας
1608 3295 1871 3371 ἵππους·
2239 3299 2243 3304 ’

177 3406 425 3487 νήπιοι,
473 3401 618 3468 οὐδ’
661 3399 769 3488 ἄρ’
813 3405 1087 3486 ἔμελλον
1131 3400 1459 3485 ἀναιμωτί
1495 3425 1571 3484 γε
1613 3398 1888 3466 νέεσθαι

180 3504 356 3585 αὖτις
400 3506 509 3574 ἀπ’
561 3499 1079 3592 Αὐτομέδοντος.
1170 3506 1207 3573 ὁ
1255 3504 1317 3571 δ’
1362 3504 1712 3589 εὐξάμενος
1755 3503 1875 3566 Διὶ
1919 3499 2114 3582 πατρὶ

276 3622 477 3665 Homt
500 3622 650 3663 Inus.
685 3622 752 3663 11.
1825 3608 1857 3653 8
