2525 3884
267 209 395 274 218
1065 212 1367 263 ΙΛΙΑΔΟΣ
1400 210 1464 262 Ψ

266 341 601 431 κλαίοντες
647 347 710 419 δ’
753 352 1011 440 ἑτάροιο
1057 351 1286 438 ἐνηέος
1332 351 1525 419 ὀστέα
1571 354 1771 419 λευκὰ

267 460 549 544 ἄλλεγον
596 459 663 537 ές
707 458 997 545 χρυσέην
1042 460 1293 545 φιάλην
1335 455 1446 525 καὶ
1484 460 1765 526 δίπλακα
1811 460 2054 542 δημόν,

269 565 343 632 ἐν
385 567 676 652 κλισίῃσι
722 563 795 631 δὲ
840 564 1074 643 θέντες
1119 563 1291 653 ἑανῷ
1338 561 1467 630 λιτὶ
1509 564 1829 643 κάλυψαν.

268 672 686 757 τορνώσαντο
734 667 809 737 δὲ
852 681 1028 757 σῆμα
1072 671 1376 756 θεμείλιά
1419 694 1490 737 τε
1534 669 1947 757 προβάλοντο
2173 685 2286 736 255

271 775 440 863 ἀμφὶ
482 781 730 865 πυρήν·
777 772 970 864 εἶθαρ
1018 774 1092 844 δὲ
1136 779 1344 862 χυτὴν
1388 774 1494 843 ἐπὶ
1537 786 1736 860 γαῖαν
1781 778 2032 860 ἔχευαν.

269 885 576 970 χεύαντες
622 881 695 950 δὲ
737 885 812 950 τὸ
858 892 1033 967 σῆμα
1078 884 1279 949 πάλιν
1323 885 1489 948 κίον.
1580 881 1785 968 αὐτὰρ
1838 875 2168 967 Ἀχιλλεὺς

271 991 478 1056 αὐτοῦ
523 991 688 1057 λαὸν
732 992 922 1075 ἔρυκε
967 987 1077 1055 καὶ
1120 990 1342 1069 ἵζανεν
1388 988 1591 1075 εὐρὺν
1636 988 1891 1072 ἀγῶνα,

270 1108 452 1181 νηῶν
498 1090 560 1162 δ’
601 1089 822 1182 ἔκφερ’
856 1096 1105 1179 ἄεθλα,
1151 1094 1428 1179 λέβητάς
1468 1116 1541 1161 τε
1585 1093 1899 1180 τρίποδάς
1940 1115 2012 1160 τε

270 1203 511 1280 ἵππους
553 1196 626 1268 θ’
667 1201 986 1286 ἡμιόνους
1028 1223 1101 1268 τε
1145 1204 1326 1285 βοῶν
1369 1197 1428 1265 τ’
1474 1206 1724 1311 ἴφθιμα
1765 1198 2021 1286 κάρηνα
2174 1214 2289 1264 260

166 1305 390 1421 NL²562
431 1317 750 1392 γυναῖκας
794 1307 1121 1388 ἐυζώνους
1164 1309 1403 1373 πολιόν
1445 1328 1518 1372 τε
1529 1305 1855 1392 σίδηρον.

362 1414 669 1481 ἱππεῦσιν
714 1409 836 1498 μὲν
879 1424 1105 1500 πρῶτα
1149 1413 1521 1480 ποδώκεσιν
1566 1409 1752 1496 ἀγλά’
1795 1413 2006 1477 ἄεθλα

270 1527 439 1604 θῆκε
482 1530 766 1604 γυναῖκα
808 1520 1092 1603 ἄγεσθαι
1136 1519 1442 1604 ἀμύμονα
1488 1521 1648 1605 ἔργα
1695 1519 1920 1584 ἰδυῖαν

271 1622 383 1691 καὶ
425 1619 685 1711 τρίποδ’
728 1625 1030 1691 ὠτώεντα
1076 1626 1781 1709 δυωκαιεικοσίμετρον

274 1739 363 1819 τῷ
408 1731 673 1817 πρώτῳ·
720 1729 882 1816 ἀτὰρ
928 1725 1015 1795 αὖ
1057 1737 1148 1818 τῷ
1197 1729 1483 1818 δευτέρῳ
1528 1729 1733 1796 ἵππον
1776 1730 2020 1812 ἔθηκεν
2175 1743 2287 1793 265

274 1833 464 1916 figas?
508 1836 836 1920 ἀδμήτην,
884 1832 1132 1921 βρέφος
1175 1836 1458 1921 ἡμίονον
1502 1834 1857 1902 κυέουσαν·

276 1943 483 2029 αὐτὰρ
525 1949 616 2030 τῳ
661 1941 939 2031 τριτάτῳ
984 1943 1243 2028 ἄπυρον
1287 1940 1610 2026 κατέθηκε
1656 1939 1895 2025 λέβητα

274 2051 510 2133 καλόν,
556 2046 843 2135 τέσσαρα
887 2048 1090 2134 μέτρα
1135 2048 1528 2132 κεχανδότα,
1575 2048 1814 2113 λευκὸν
1858 2039 1948 2111 ἔτ’
1993 2044 2237 2114 αὔτως·

275 2164 364 2245 τῷ
413 2152 487 2222 δὲ
530 2157 815 2243 τετάρτῳ
861 2160 1030 2239 θῆκε
1075 2155 1214 2219 δύω
1259 2164 1536 2239 χρυσοῖο
1579 2152 1895 2236 τάλαντα,

275 2259 542 2348 πέμπτῳ
591 2258 651 2326 δ’
698 2260 1073 2345 ἀμφίθετον
1119 2260 1369 2344 φιάλην
1414 2259 1764 2345 ἀπύρωτον
1811 2260 2071 2341 έθηκεν.
2181 2273 2290 2323 270

277 2377 395 2451 στῆ
444 2363 505 2431 δ’
551 2366 759 2452 ὀρθὸς
800 2362 911 2432 καὶ
956 2372 1180 2450 μῦθον
1227 2365 1301 2432 έν
1340 2360 1732 2451 Ἀργείοισιν
1777 2367 2016 2430 ἔειπεν·

277 2470 610 2556 ,,Ἀτρεΐδη
656 2494 727 2538 τε
769 2468 880 2537 καὶ
925 2472 1113 2537 ἄλλοι
1158 2471 1546 2556 ἐυκνήμιδες
1583 2468 1862 2556 Ἀχαιοί,

279 2585 521 2661 ιππῆας
563 2573 705 2641 τάδ’
750 2577 960 2642 ἄεθλα
1007 2575 1367 2662 δεδεγμένα
1410 2574 1567 2644 κεῖτ’
1611 2576 1686 2643 έν
1727 2576 1954 2660 ἀγῶνι.

278 2684 342 2748 εἰ
382 2680 504 2768 μὲν
546 2690 676 2748 νῦν
721 2677 828 2747 ἐπὶ
872 2682 1048 2768 ἄλλῳ
1096 2682 1532 2768 ἀεθλεύοιμεν
1571 2677 1843 2768 Ἀχαιοί,

278 2783 319 2871 ἦ
355 2784 412 2853 τ’
448 2786 531 2853 ἄν
578 2786 705 2870 ἐγὼ
749 2788 831 2852 τὰ
874 2796 1099 2872 πρῶτα
1144 2788 1369 2871 λαβὼν
1413 2789 1751 2872 κλισίηνδε
1788 2788 2144 2873 φεροίμην·
2183 2802 2286 2851 275

281 2899 417 2958 ἴστε
460 2894 617 2979 γάρ,
665 2894 870 2959 ὅσσον
916 2889 1062 2978 ἐμοὶ
1106 2892 1304 2984 ἀρετῇ
1349 2894 1820 2980 περιβάλλετον
1863 2893 2078 2958 ἵπποι·

279 2997 612 3063 ἀθάνατοί
647 3020 720 3065 τε
761 3000 891 3085 γάρ
937 3000 1095 3082 εἰσι,
1144 3001 1541 3065 Ποσειδάων
1588 2998 1664 3066 δὲ
1706 2994 1858 3086 πόρ’
1899 2998 2142 3076 αὐτοὺς

278 3098 476 3187 πατρὶ
520 3102 651 3192 έμῳ
703 3109 950 3189 Πηλῆι,
998 3104 1035 3170 ὁ
1083 3101 1145 3170 δ’
1189 3099 1334 3171 αὖτ’
1379 3103 1524 3191 ἐμοὶ
1570 3104 1969 3191 ἐγγυάλιξεν.

280 3203 420 3273 ἀλλ’
463 3203 505 3290 ἦ
551 3230 655 3272 τοι
700 3205 822 3293 μὲν
867 3210 993 3294 ἐγὼ
1040 3209 1251 3295 μενέω
1297 3208 1409 3277 καὶ
1453 3212 1751 3296 μώνυχες
1795 3211 2010 3275 ἵπποι·

277 3314 466 3377 τοίου
508 3312 637 3397 γὰρ
682 3312 870 3392 κλέος
915 3313 1163 3381 ἐσθλὸν
1207 3315 1553 3383 ἀπώλεσαν
1598 3315 1927 3401 ἡνιόχοιο,
2187 3330 2290 3380 280

278 3416 509 3499 ἠπίου,
556 3418 593 3483 ὅ
639 3433 858 3501 σφωιν
903 3421 1075 3505 μάλα
1119 3423 1432 3499 πολλάκις
1474 3421 1685 3508 ὑγρὸν
1731 3424 1958 3487 ἔλαιον

279 3522 564 3603 χαιτάων
609 3521 943 3608 κατέχευε,
989 3523 1264 3602 λοέσσας
1307 3525 1501 3589 ὕδατι
1546 3529 1775 3613 λευκῷ.
