2525 3884
959 193 1262 246 ΙΔΙΑΔοΣ
1298 194 1468 246 xvn.
2085 190 2214 255 105

198 335 547 419 ,,κέκλυτε,
591 338 797 422 μυρία
841 341 1023 419 φῦλα
1066 337 1502 420 περικτιόνων
1548 334 1944 420 ἐπικούρων·
2109 350 2213 400 220

198 441 282 506 οὐ
327 443 459 527 γὰρ
504 441 630 525 ἐγὼ
676 444 948 525 πληθὺν
993 443 1338 526 διζήμενος
1384 437 1543 506 οὐδὲ
1586 444 1864 525 χατίζων

196 544 436 613 ἐνθάδ’
478 546 593 632 ἀφ’
636 547 972 632 ὑμετέρων
1015 550 1270 613 πολίων
1313 549 1545 632 ἤγειρα
1587 546 1895 628 ἕκαστον,

195 650 343 719 ἀλλ’
389 654 500 719 ἵνα
545 677 659 738 μοι
712 655 959 739 Τρώων
1004 653 1287 739 ἀλόχους
1328 650 1439 717 καὶ
1482 653 1686 735 νήπια
1729 651 1925 717 τέκνα

193 758 637 846 προφρονέως
682 758 964 844 ῥύοισθε
1010 757 1515 844 φιλοπτολέμων
1558 756 1671 823 ὑπ’
1719 754 2012 841 Ἀχαιῶν.

193 867 277 929 τὰ
325 863 640 950 φρονέων
687 866 960 951 δώροισι
1005 866 1387 951 κατατρύχω
1426 862 1538 930 καὶ
1575 863 1790 949 ἐδωδῇ
2108 877 2212 928 225

195 973 437 1054 λαούς,
483 970 802 1058 ὑμέτερον
847 969 922 1037 δὲ
967 969 1244 1037 ἑκάστου
1289 972 1516 1055 θυμὸν
1562 970 1746 1050 ἀέξω.

194 1085 287 1165 τῷ
334 1101 439 1154 τις
482 1086 612 1143 νῦν
659 1080 815 1155 ἰθὺς
858 1075 1299 1163 τετραμμένος
1341 1077 1384 1161 ἢ
1430 1076 1783 1143 ἀπολέσθω

194 1181 272 1266 ἠὲ
319 1186 678 1267 σαωθήτω·
722 1184 766 1267 ἡ
810 1185 938 1269 γὰρ
982 1183 1275 1268 πολέμου
1322 1183 1650 1269 ὀαριστύς.

197 1288 270 1366 ὃς
318 1288 404 1354 δέ
440 1312 514 1354 κε
558 1290 952 1375 Πάτροκλον
995 1287 1105 1355 καὶ
1148 1288 1493 1372 τεθνηῶτά
1537 1309 1660 1373 περ
1694 1290 1899 1373 ἔμπης

203 1398 442 1480 Τρῶας
485 1394 553 1473 ἐς
597 1395 1010 1480 ἱπποδάμους
1055 1394 1289 1480 ἐρύσῃ,
1336 1392 1475 1479 εἴξῃ
1524 1393 1604 1459 δέ
1644 1394 1714 1459 οί
1754 1400 1951 1475 Αἴας,
2111 1407 2215 1458 230

193 1501 407 1584 ἥμισυ
451 1508 543 1588 τῷ
590 1500 848 1588 ἐνάρων
894 1500 1381 1584 ἀποδάσσομαι,
1427 1500 1629 1583 ἥμισυ
1677 1493 1740 1565 δ’
1782 1499 1979 1576 αὐτὸς

198 1605 326 1684 ἔξω
378 1606 537 1689 ἐγώ·
578 1607 654 1672 τὸ
701 1602 781 1670 δέ
822 1605 893 1671 οἱ
928 1604 1120 1682 κλέος
1164 1608 1451 1689 ἔσσεται,
1498 1606 1704 1671 ὅσσον
1749 1605 1902 1690 ἐμοί
1938 1606 2125 1689 περ.“

290 1707 386 1789 ὧς
431 1706 659 1796 ἔφαθ’,
709 1712 779 1776 οἱ
819 1707 879 1775 δ’
925 1714 1081 1789 ἰθὺς
1123 1717 1418 1777 Δαναῶν
1462 1715 1809 1798 βρίσαντες
1853 1713 2130 1795 ἔβησαν,

199 1814 478 1902 δούρατ’
524 1817 990 1903 ἀνασχόμενοι·
1035 1819 1209 1902 μάλα
1255 1817 1335 1883 δέ
1376 1835 1609 1903 σφισιν
1654 1821 1883 1884 ἔλπετο
1929 1818 2147 1901 θυμὸς

195 1924 449 2015 νεκρὸν
492 1920 603 1989 ὑπ’
648 1930 937 2000 Αἴαντος
982 1923 1202 2009 ἐρύειν
1256 1925 1792 2009 Τελαμωνιάδαο·
2112 1935 2215 1985 235

197 2032 466 2113 νήπιοι,
511 2024 555 2112 ἦ
600 2051 670 2096 τε
713 2029 1031 2094 πολέσσιν
1077 2025 1175 2094 ἐπ’
1221 2030 1397 2117 αὐτῷ
1443 2030 1671 2112 θυμὸν
1716 2027 1996 2111 ἀπηύρα.

198 2133 319 2199 καὶ
363 2128 498 2199 τότ’
539 2131 645 2220 ἄρ’
688 2141 859 2211 Αἴας
904 2129 1042 2200 εἶπε
1086 2135 1254 2218 βοὴν
1302 2134 1563 2219 ἀγαθὸν
1607 2132 1985 2199 Μενέλαον·

200 2237 308 2325 ,,ὧ
354 2240 593 2324 πέπον,
641 2236 694 2306 ὦ
737 2240 1041 2306 Μενέλαε
1088 2239 1463 2325 διοτρεφές,
1516 2238 1736 2305 οὐκέτι
1779 2250 1903 2305 νῶι

204 2350 488 2431 ἔλπομαι
532 2346 709 2411 αὐτώ
752 2367 874 2432 περ
919 2345 1325 2431 νοστησέμεν
1371 2347 1443 2412 ἐκ
1487 2346 1819 2431 πολέμοιο.

207 2452 293 2516 οὔ
335 2474 404 2515 τι
444 2452 646 2515 τόσον
690 2449 926 2527 νέκυος
968 2452 1337 2536 περιδείδια
1382 2453 1829 2536 Πατρόκλοιο,
2114 2466 2219 2515 240

124 2606 127 2613 .
209 2557 282 2633 ὅς
326 2577 402 2620 κε
444 2555 606 2640 τάχα
657 2559 907 2641 Τρώων
949 2553 1166 2641 κορέει
1209 2557 1416 2633 κύνας
1458 2553 1566 2640 ἠδ’
1611 2558 1921 2641 οἰωνούς,

209 2662 419 2727 ὅσσον
464 2660 584 2745 ἐμῇ
628 2666 878 2746 κεφαλῇ
925 2663 1323 2748 περιδείδια,
1368 2665 1458 2747 μή
1500 2685 1565 2727 τι
1607 2663 1937 2748 πάθῃσιν,

210 2765 320 2832 καὶ
368 2774 479 2850 σῇ,
527 2764 665 2832 ἐπεὶ
700 2765 1014 2851 πολέμοιο
1060 2766 1264 2852 νέφος
1308 2766 1458 2853 περὶ
1500 2770 1715 2835 πάντα
1758 2769 2097 2850 καλύπτει,

203 2869 481 2958 Ἕκτωρ,
527 2871 685 2956 ἡμῖν
733 2867 794 2937 δ’
836 2867 984 2938 αὖτ’
1029 2872 1465 2958 ἀναφαίνεται
1511 2875 1706 2950 αἰπὺς
1750 2874 2045 2958 ὄλεθρος.

218 2973 362 3042 ἀλλ’
406 2971 511 3060 ἄγ’
553 2976 865 3063 ἀριστῆας
909 2982 1203 3042 Δαναῶν
1247 2979 1461 3062 κάλει,
1506 2979 1594 3061 ἤν
1629 3001 1728 3052 τις
1764 2975 2079 3063 ἀκούσῃ.“
2116 2995 2219 3045 245

304 3078 392 3160 ὧς
438 3081 653 3168 ἔφατ’,
703 3081 847 3148 οὐδ’
902 3083 1188 3167 ἀπίθησε
1233 3085 1402 3168 βοὴν
1447 3083 1701 3166 ἀγαθὸς
1745 3081 2118 3168 Μενέλαος,

219 3190 419 3272 ἤυσεν
465 3186 539 3255 δὲ
585 3190 982 3272 διαπρύσιον
1027 3192 1359 3254 Δαναοῖσι
1402 3189 1735 3273 γεγωνώς·

193 3290 314 3377 ’,,ὦ
361 3297 568 3379 φίλοι,
611 3289 922 3379 Ἀργείων
965 3293 1283 3379 ἡγήτορες
1326 3291 1445 3376 ἠδὲ
1489 3292 1828 3379 μέδοντες,

222 3399 290 3463 οἳ
327 3421 395 3464 τε
437 3395 592 3486 παρ’
640 3394 968 3487 Ἀτρεΐδῃς
1006 3396 1446 3483 Ἀγαμέμνονι
1488 3395 1598 3466 καὶ
1643 3398 1965 3484 Μενελάῳ

224 3504 420 3587 δήμια
465 3508 778 3569 πίνουσιν
822 3502 932 3570 καὶ
978 3507 1419 3587 σημαίνουσιν
1465 3503 1735 3577 ἕκαστος
2118 3516 2223 3562 2⁶0
