2525 3884
994 196 1299 249 1A1AA02
1335 198 1451 252 xv.
2124 195 2213 259 59

221 335 365 402 ἔνθ’
412 331 523 404 υἷα
565 341 883 405 Κλυτίοιο
927 341 1286 424 Καλήτορα
1332 342 1649 425 φαίδιμος
1695 346 1865 417 Αἴας

222 452 345 528 πῦρ
389 444 452 521 ἐς
492 453 620 528 νῆα
665 443 981 528 φέροντα.
1002 446 1165 526 κατβι
1207 451 1460 529 στῆθος
1504 447 1663 529 βάλε
1709 446 1932 532 δουρί·
2110 462 2215 511 420

222 550 538 633 δούπησεν
585 547 659 615 δὲ
703 551 944 632 πεσών,
992 551 1191 628 δαλὸς
1237 549 1318 616 δέ
1360 553 1433 617 οἰ
1448 553 1699 617 ·ἒκπεσε
1743 554 1977 638 χειρός.

200 653 443 741 Ἕκτωρ
487 652 549 722 δ’
601 657 691 733 ὡς
736 655 1011 739 ἐνόησεν
1057 656 1335 734 ἀνεψιὸν
1382 658 1837 742 ὀφθαλμοῖσιν

218 760 289 826 ἐν
328 765 585 848 κονίῃσι
628 765 914 829 πεσόντα
959 764 1111 840 νεὸς
1152 763 1572 850 προπάροιθε
1617 766 1949 847 μελαίνης,

223 871 440 953 Τρωσί
474 892 545 934 τε
589 866 701 934 καὶ
743 861 1098 935 Λυκίοισιν
1144 866 1438 934 ἐκέκλετο
1485 870 1741 955 μακρὸν
1787 869 2022 947 ἀύσας·

214 1021 255 1056 ,,
266 978 474 1059 Τρῶες
515 972 628 1039 καὶ
670 974 914 1040 Λύκιοι
955 972 1066 1039 καὶ
1110 976 1461 1058 Δάρδανοι
1507 960 1962 1061 ἀγχιμαχηταί,
2110 990 2215 1040 425

213 1081 299 1163 μὴ
344 1082 424 1163 δή
467 1102 570 1146 πω
614 1081 892 1164 χάζεσθε
936 1081 1145 1165 μάχης
1190 1080 1265 1146 ἐν
1313 1085 1559 1147 στείνει·
1598 1083 1790 1170 τῷδε,

208 1184 349 1251 ἀλλ’
399 1178 514 1253 υἷα
558 1190 875 1279 Κλυτίοιο
923 1189 1241 1269 σαώσατε,
1290 1190 1378 1272 μή
1424 1212 1539 1273 μιν
1578 1182 1826 1272 Ἀχαιοὶ

211 1296 435 1378 τεύχεα
480 1295 818 1376 συλήσωσι
864 1303 1037 1357 νεῶν
1083 1290 1157 1358 ἐν
1201 1292 1414 1377 ἀγῶνι
1458 1294 1809 1360 πεσόντα.“

292 1394 382 1476 ὥς
427 1399 630 1464 εἰπὼν
675 1405 965 1475 Αἴαντος
1010 1398 1313 1489 ἀκόντισε
1360 1398 1556 1487 δουρὶ
1603 1407 1879 1488 φαεινῷ·

206 1513 326 1571 τοῦ
338 1501 461 1589 μὲν
475 1503 749 1591 ἅμαρθ’,
767 1505 803 1571 6
822 1503 882 1570 δ’
901 1507 1120 1570 ἔπειτα
1134 1508 1549 1592 Λυκόφρονα
1557 1506 1919 1589 Μάστορος
1930 1504 2214 1588 υἱόν,430

206 1617 494 1689 Αἴαντος
535 1613 918 1698 θεράποντα
960 1613 1338 1695 Κυθήριον,
1385 1613 1459 1689 ὅς
1504 1611 1590 1698 ῥα
1632 1608 1787 1697 παρ’
1842 1610 2019 1701 αὐτῷ

205 1713 367 1801 ναῖ’,
415 1716 553 1783 ἐπεὶ
598 1719 813 1804 ἄνδρα
855 1716 1129 1783 κατέκτα
1174 1721 1559 1802 Κυθήροισι
1608 1717 1965 1802 ζαθέοισιν,

204 1827 322 1890 τόν
366 1821 427 1909 ῤ’
483 1826 716 1907 ἔβαλεν
759 1824 1057 1908 κεφαλὴν
1101 1820 1268 1908 ὑπὲρ
1316 1825 1556 1902 οὔατος
1602 1824 1736 1904 ὀξέι
1780 1831 1999 1913 χαλκῷ

206 1923 467 1995 ἑστεῶτ’
519 1924 669 2013 ἄγχ’
717 1935 1031 2007 Αἴαντος·
1077 1929 1114 1995 6
1162 1924 1223 1994 δ’
1275 1930 1505 2008 ὕπτιος
1550 1931 1623 1996 ἐν
1668 1935 1975 2016 κονίῃσιν

204 2039 364 2121 νηὸς
409 2038 537 2102 ἀπο
581 2046 883 2121 πρυμνῆς
926 2036 1206 2120 χαμάδις
1249 2035 1427 2119 πέσε,
1476 2038 1676 2102 λύντο
1725 2032 1798 2101 δὲ
1841 2046 2014 2118 γυῖα.
2110 2052 2214 2101 435

205 2150 375 2220 Αἴας
421 2139 482 2207 δ’
536 2141 863 2227 ἐρρίγησε,
908 2145 1312 2225 κασίγνητον
1358 2138 1435 2208 δὲ
1479 2141 1855 2228 προσηύδα·

205 2253 503 2334 ,,Τεῦκρε
546 2249 776 2331 πέπον,
826 2249 907 2331 δὴ
952 2259 1119 2314 νῶιν
1166 2247 1485 2314 ἀπέκτατο
1531 2247 1761 2323 πιστὸς
1807 2244 2063 2333 ἑταῖρος

206 2354 658 2438 Μαστορίδης,
706 2355 786 2420 ὃν
830 2366 954 2420 νῶι
998 2357 1417 2440 Κυθηρόθεν
1463 2355 1664 2418 ἔνδον
1709 2351 1902 2418 ἐόντα

210 2457 319 2527 ἶσα
367 2463 624 2545 φίλοισι
667 2469 974 2526 τοκεῦσιν
1021 2460 1283 2545 ἐτίομεν
1329 2460 1402 2526 ἐν
1447 2461 1865 2546 μεγάροισιν·

210 2570 328 2633 τὸν
358 2564 419 2632 δ’
437 2564 688 2652 Ἕκτωρ
719 2567 1104 2651 μεγάθυμος
1132 2565 1469 2631 ἀπέκτανε.
1524 2574 1656 2630 ποῦ
1702 2567 1788 2630 νύ
1834 2588 1938 2630 τοι
1977 2562 2065 2629 ἰοὶ
2113 2581 2217 2630 440
2257 2635 2266 2641 ,

211 2673 542 2757 ὠκύμοροι
585 2670 693 2737 καὶ
738 2671 952 2754 τόξον,
1001 2672 1037 2736 ὅ
1083 2694 1186 2737 τοι
1229 2674 1392 2756 πόρε
1443 2673 1689 2754 Φοῖβος
1728 2669 2139 2749 Ἀπόλλων;“

297 2773 385 2855 ώς
430 2773 622 2862 φάθ’,
671 2778 707 2844 6
755 2774 829 2842 δὲ
875 2776 1166 2860 ξυνέηκε,
1211 2775 1397 2842 θέων
1444 2775 1525 2842 δέ
1568 2778 1639 2841 oc
1678 2778 1829 2861 ἄγχι
1873 2777 2161 2861 παρέστη

212 2885 402 2964 τόξον
448 2886 619 2968 ἔχων
663 2881 739 2948 ἐν
781 2881 951 2967 χειρὶ
996 2885 1399 2949 παλίντονον
1442 2879 1563 2966 ἠδὲ
1609 2881 1948 2967 φαρέτρην

217 2992 506 3056 ἰοδόκον·
554 2990 725 3074 μάλα
772 2987 833 3053 δ’
889 2984 1024 3054 ὦκα
1071 2987 1264 3070 βέλεα
1317 2988 1656 3069 Τρώεσσιν
1703 2977 1892 3071 ἐφίει.

217 3099 324 3161 καί
363 3091 426 3182 ῤ’
477 3099 670 3179 ἔβαλε
714 3098 996 3160 Κλεῖτον
1041 3098 1459 3181 Πεισήνορος
1503 3094 1752 3178 ἀγλαὸν
1798 3094 1972 3177 υἱόν,
2115 3109 2220 3158 445

221 3202 778 3286 Πουλυδάμαντος
823 3201 1087 3286 ἑταῖρον
1132 3201 1389 3283 ἀγαυοῦ
1437 3201 1857 3284 Πανθοΐδαο,
1979 3242 1992 3253 -

220 3309 364 3392 ἡνία
408 3306 637 3394 χερσὶν
683 3311 945 3392 ἔχοντα·
993 3307 1029 3373 6
1075 3303 1197 3392 μὲν
1241 3308 1569 3389 πεπόνητο
1616 3300 1776 3372 καθ’
1814 3308 2097 3382 ἵππους·

220 3423 290 3500 τῇ
331 3409 622 3501 γάρ”ὲ’χ’,
678 3405 721 3498 ᾖ
779 3413 864 3498 ῥα
907 3415 1079 3478 πολὺ
1124 3417 1421 3477 πλεῖσται
1465 3412 1819 3476 κλονέοντο
1867 3413 2219 3493 φάλαγγες,

210 3518 458 3601 Ἕκτορι
503 3517 613 3584 καὶ
668 3519 966 3603 Τρώεσσι
1010 3519 1457 3601 χαριζόμενος·
1503 3515 1668 3596 τάχα
1714 3511 1776 3576 δ’
1831 3513 2008 3596 αὐτῷ
