2525 3884
298 167 422 232 158
607 104 624 124 ¹
1088 159 1391 222 1A1A202
1429 170 1496 224 T.

380 311 530 389 εἵως
571 309 695 397 μέν
740 309 819 398 ῤ’·
846 312 1183 379 ἀπάνευθε
1226 310 1382 379 θεοὶ
1426 319 1698 398 θνητῶν
1744 315 1905 380 ἔσαν
1949 314 2242 401 ἀνδρῶν,

291 428 463 495 τεῖος
499 414 748 502 Ἀχαιοὶ
792 416 915 503 μὲν
958 417 1101 504 μέγ’
1146 419 1504 503 ἐκύδανον,
1552 417 1772 486 οὕνεκ’
1817 418 2143 506 Ἀχιλλεὺς

294 522 605 609 ἐξεφάνη,
654 525 862 609 δηρὸν
908 521 983 591 δὲ
1027 526 1238 610 μάχης
1282 523 1587 592 ἐπέπαυτ’
1632 526 1996 611 ἀλεγεινῆς·

299 633 527 714 Τρῶας
571 626 646 696 δὲ
689 633 932 717 τρόμος
977 632 1164 708 αἰνὸς
1207 630 1514 715 ὑπήλυθε
1557 642 1716 715 γυῖα
1760 631 2069 717 ἕκαστον,

294 736 648 820 δειδιότας,
695 732 806 802 ὅθ’
849 737 1105 821 ὁρῶντο
1148 738 1453 803 ποδώκεα
1498 741 1854 821 Πηλεΐωνα
2229 754 2326 802 45.
2353 764 2364 770 “
2389 804 2402 811 ,

290 842 548 928 τεύχεσι
590 845 1041 927 λαμπόμενον,
1085 845 1493 931 βροτολοιγῷ
1544 837 1693 909 ἴσον
1719 842 1931 931 Ἄρηι.

296 948 499 1033 αὐτὰρ
546 945 685 1014 ἐπεὶ
729 943 883 1032 μεθ’
926 948 1160 1032 ὅμιλον
1197 947 1539 1033 Ὀλύμπιοι
1581 951 1847 1032 ἤλυθον
1892 949 2187 1037 ἀνδρῶν,

294 1050 464 1139 ὦρτο
512 1050 573 1119 δ’
606 1052 794 1138 Ἔρις
835 1054 1116 1139 κρατερὴ
1161 1057 1510 1136 λαοσσόος,
1556 1050 1677 1121 αὖε
1723 1049 1785 1122 δ’
1831 1053 2112 1141 Ἀθήνη,

295 1154 477 1225 στᾶσ’
520 1156 629 1225 ὁτὲ
673 1156 796 1244 μὲν
838 1161 1015 1247 παρὰ
1057 1161 1318 1246 τάφρον
1364 1160 1652 1248 ὀρυκτὴν
1694 1158 1942 1247 τείχεος
1985 1163 2195 1246 ἐκτός,

293 1261 512 1331 ἄλλοτ’
556 1260 655 1331 ἐπ’
698 1265 958 1332 ἀκτάων
1004 1266 1380 1353 ἐριδούπων
1425 1268 1682 1354 μακρὸν
1726 1267 1937 1334 ἀύτει·
2100 1319 2106 1324 .
2231 1282 2296 1332 50

269 1365 415 1455 ,αὖε
461 1368 523 1437 δ’
547 1370 752 1459 Ἀρης
797 1371 1155 1459 ἑτέρωθεν,
1200 1372 1441 1459 ἐρεμνῇ
1486 1377 1756 1440 λαίλαπι
1803 1369 1972 1457 ἴσος,

295 1478 412 1557 ὀξὺ
456 1473 597 1543 κατ’
649 1476 1007 1564 ἀκροτάτης
1049 1481 1280 1556 πόλιος
1327 1481 1622 1564 Τρώεσσι
1666 1480 1987 1563 κελεύων,

273 1586 527 1651 ’ἄλλοτε
569 1585 702 1670 πὰρ
747 1586 1063 1668 Σιμόεντι
1107 1582 1293 1651 θέων
1338 1584 1444 1650 ἐπὶ
1487 1587 1983 1671 Καλλικολώνῃ.

383 1685 473 1767 ὧς
513 1690 670 1766 τοὺς
714 1687 1130 1774 ἀμφοτέρους
1174 1691 1461 1777 μάκαρες
1502 1691 1656 1757 θεοὶ
1701 1692 2096 1779 ὀτρύνοντες
2151 1778 2160 1786 .

295 1797 665 1881 σύμβαλον,
714 1794 787 1860 ἐν
833 1792 894 1860 δ’
930 1794 1156 1873 αὐτοῖς
1200 1797 1390 1881 ἔριδα
1436 1796 1771 1883 ῥήγνυντο
1817 1801 2109 1883 βαρεῖαν.
2164 1780 2174 1786 ’
2238 1812 2303 1862 55

296 1904 522 1968 δεινὸν
568 1897 643 1967 δὲ
688 1903 1011 1987 βρόντησε
1054 1903 1269 1986 πατὴρ
1314 1901 1586 1987 ἀνδρῶν
1628 1925 1700 1969 τε
1742 1909 1926 1969 θεῶν
1970 1925 2040 1968 τε

293 2008 582 2088 ὑψόθεν·
627 2007 836 2093 αὐτὰρ
882 2009 1119 2092 ἔνερθε
1163 2007 1562 2074 Ποσειδάων
1608 2008 1900 2087 ἐτίναξεν

294 2125 493 2199 γαῖαν
537 2114 916 2199 ἀπειρεσίην
961 2110 1171 2197 ὀρέων
1214 2110 1273 2178 τ’
1318 2115 1580 2180 αἰπεινὰ
1623 2114 1907 2200 κάρηνα·

293 2222 534 2298 πάντες
577 2215 641 2286 δ’
684 2220 1017 2286 ἐσσείοντο
1062 2220 1261 2297 πόδες
1304 2222 1755 2298 πολυπίδακος
1779 2219 1963 2304 Ἴδης

294 2325 405 2392 καὶ
447 2329 767 2413 κορυφαί,
822 2326 1071 2411 Τρώων
1112 2349 1184 2391 τε
1227 2329 1418 2403 πόλις
1460 2324 1571 2392 καὶ
1614 2335 1768 2411 νῆες
1806 2324 2103 2411 Ἀχαιῶν.
2239 2344 2305 2395 60

294 2435 547 2499 ἔδεισεν
594 2429 655 2497 δ’
698 2430 1069 2518 ὑπένερθεν
1114 2430 1278 2511 ἄναξ
1317 2431 1566 2517 ἐνέρων
1603 2430 1989 2514 Ἀιδωνεύς,

238 2525 248 2536 ’
296 2541 519 2617 δείσας
563 2535 625 2604 δ’
670 2537 743 2604 ἐκ
783 2540 1045 2623 θρόνου
1091 2532 1248 2603 ἆλτο
1294 2536 1405 2603 καὶ
1450 2544 1621 2623 ἴαχε,
1668 2541 1756 2623 μή
1803 2540 1875 2604 ol*
1912 2539 2210 2624 ὕπερθεν

294 2653 493 2730 γαῖαν
536 2641 924 2729 ἀναρρήξειε
969 2642 1368 2708 Ποσειδάων
1413 2641 1819 2728 ἐνοσίχθων,
2026 2632 2030 2637 ’

296 2752 470 2817 οίκία
516 2745 591 2816 δὲ
633 2754 945 2831 θνητοῖσι
988 2745 1100 2813 καὶ
1145 2748 1543 2814 ἀθανάτοισι
1587 2751 1826 2832 φανείη

295 2851 642 2943 σμερδαλέ’
685 2852 1044 2938 εὐρώεντα,
1088 2853 1170 2918 τά
1215 2875 1285 2917 τε
1330 2851 1682 2936 στυγέουσι
1724 2856 1886 2920 θεοί
1919 2877 2061 2940 περ.
2236 2869 2302 2922 65

293 2963 532 3038 τόσσος
578 2961 705 3045 ἄρα
748 2958 991 3036 κτύπος
1035 2953 1208 3045 ὦρτο
1253 2963 1438 3024 θεῶν
1484 2960 1656 3045 ἔριδι
1702 2959 2083 3037 ξυνιόντων.

294 3063 334 3150 ἦ
380 3088 485 3132 τοι
528 3062 650 3150 μὲν
693 3067 819 3152 γὰρ
866 3067 1106 3131 ἔναντα
1151 3066 1622 3143 Ποσειδάωνος
1665 3066 1944 3143 ἄνακτος

239 3168 245 3176 ’
295 3170 500 3238 ἵστατ’
543 3169 880 3237 Ἀπόλλων
930 3174 1176 3256 Φοῖβος
1220 3174 1391 3257 ἔχων
1437 3172 1504 3237 t&
1548 3173 1932 3255 πτερόεντα,

294 3281 458 3345 ἄντα
504 3274 565 3344 δ’
611 3276 945 3343 ἐνυαλίοιο
989 3276 1154 3360 θεά,
1199 3282 1576 3361 γλαυκῶπις
1614 3270 1892 3362 Ἀθήνη·

296 3383 471 3472 ’Ἡρη
510 3382 573 3450 δ’
618 3381 892 3466 ἀντέστη
929 3382 1419 3469 χρυσηλάκατος
1466 3383 1809 3465 κελαδεινὴ
2236 3397 2302 3449 ’το

298 3490 599 3577 ’Ἄρτεμις
645 3487 967 3574 ἰοχέαιρα,
1013 3490 1373 3572 κασιγνήτη
1420 3486 1703 3554 ἑκάτοιο·
