2525 3884
338 174 464 239 108
1133 121 1436 227 mmbz
1470 177 1530 228 P.

324 314 659 406 Ἱπποθόῳ
705 318 1065 404 περιβάντα
1109 316 1319 403 μέσην
1364 319 1527 382 κατὰ
1570 315 1856 400 γαστέρα
1898 317 2137 400 τύψεν,

334 422 485 507 ῥῆξε
532 421 606 488 δὲ
649 424 958 508 θώρηκος
1001 425 1284 508 γύαλον,
1332 425 1442 489 διὰ
1488 418 1551 488 δ’
1594 426 1825 509 ἔντερα
1869 423 2105 509 χαλκὸς

332 526 561 613 ῆφυσ’·
608 529 645 595 ὁ
693 526 754 594 δ’
799 530 874 595 ἐν
917 533 1180 615 κονίῃσι
1223 530 1444 596 πεσὼν
1490 529 1596 595 ἕλε
1639 540 1838 613 γαῖαν
1884 528 2165 617 ἀγοστῷ.
2253 541 2361 593 316

332 635 641 721 χώρησαν
688 632 751 700 δ’
796 636 927 701 ὑπό
971 659 1041 702 τε
1085 639 1416 722 πρόμαχοι
1457 633 1568 700 καὶ
1614 637 1930 720 φαίδιμος
1957 634 2248 715 ““Ἐκτωρ·
2475 656 2476 735 χ

330 737 609 825 Ἀργεῖοι
655 738 730 806 δὲ
775 740 942 825 μέγα
989 747 1209 826 ἴαχον,
1257 741 1580 828 ἐρύσαντο
1627 738 1703 806 δὲ
1747 742 2050 826 νεκρούς,
2475 740 2476 819 1

341 847 608 933 Φόρκυν
653 844 728 912 θ’
762 843 1123 913 Ἱππόθοόν
1165 870 1265 930 τε,
1314 848 1555 912 λύοντο
1602 844 1674 912 δὲ
1718 844 1927 931 τεύχε’
1971 841 2079 913 ἀπ’
2123 848 2357 932 ὤμων.

423 953 593 1016 ἔνθα
636 976 752 1017 κεν
799 947 954 1016 αὖτε
1006 956 1224 1038 Τρῶες
1270 952 1642 1038 ἀρηιφίλων
1688 949 1801 1018 ὑπ’
1846 950 2122 1037 Ἀχαιῶν

326 1055 530 1121 Ἴλιον
576 1056 1012 1141 εἰσανέβησαν
1056 1058 1440 1144 ἀναλκείῃσι
1484 1057 1825 1143 δαμέντες,
2248 1073 2356 1122 320
2477 1096 2478 1135 ῃ

330 1159 610 1247 Ἀργεῖοι
656 1160 736 1228 δέ
765 1187 839 1228 κε
882 1165 1086 1240 κῦδος
1130 1163 1289 1229 ἕλον
1329 1163 1442 1231 καὶ
1482 1161 1651 1250 ὑπὲρ
1695 1166 1865 1241 Διὸς
1909 1159 2104 1229 αἶσαν

335 1268 562 1353 κάρτει·
598 1266 710 1335 καὶ
753 1266 987 1335 σθένεϊ
1028 1268 1352 1358 σφετέρῳ·
1398 1266 1541 1335 ἀλλ’
1587 1270 1783 1347 αὐτὸς
1820 1268 2156 1335 Ἀπόλλων

338 1374 613 1439 Αἰνείαν
659 1376 913 1462 ὤτρυνε
959 1374 1160 1459 δέμας
1204 1378 1580 1462 Περίφαντι
1625 1376 1854 1454 ἐοικὼς

335 1476 564 1563 κήρυκ’
600 1477 954 1567 Ἠπυτίδῃ,
1002 1482 1075 1560 ὅς
1121 1482 1192 1547 οἰ
1228 1482 1407 1568 παρὰ
1450 1480 1648 1569 πατρὶ
1692 1481 1957 1568 γέροντι
2479 1554 2480 1557 ¹

334 1586 688 1667 κηρύσσων
731 1590 1045 1671 γήρασκε,
1093 1590 1256 1671 φίλα
1303 1585 1500 1673 φρεσὶ
1544 1589 1753 1672 μήδεα
1798 1587 2014 1664 εἰδώς·
2242 1602 2347 1652 325
2457 1584 2462 1590 ’

335 1697 425 1776 τῷ
474 1713 591 1773 μιν
635 1690 1012 1775 ἐεισάμενος
1054 1689 1359 1777 προσέφη
1405 1693 1574 1769 Διὸς
1619 1692 1769 1768 υίὸς
1805 1690 2166 1758 Ἀπόλλων·

336 1798 648 1879 ,,Αἰνεία,
694 1806 833 1872 πῶς
877 1795 961 1861 ἂν
1004 1795 1116 1862 καὶ
1158 1795 1327 1881 ὑπὲρ
1370 1799 1540 1863 θεὸν
1585 1797 2014 1883 εἰρύσσαισθε

327 1900 532 1967 Ἴλιον
578 1903 912 1985 αἰπεινήν;
959 1901 1049 1979 ὡς
1094 1902 1175 1986 δὴ
1222 1903 1374 1968 ἴδον
1419 1900 1657 1990 ἀνέρας
1700 1904 1971 1988 ἄλλους,

336 2006 567 2093 κάρτεΐ
601 2031 672 2073 τε
718 2006 957 2073 σθένεΐ
989 2030 1061 2072 τε
1104 2009 1509 2086 πεποιθότας
1550 2006 1795 2093 ἠνορέῃ
1839 2031 1908 2074 τε

336 2116 587 2198 πλήθεΐ
620 2135 691 2178 τε
734 2112 1064 2202 σφετέρφ,
1109 2112 1221 2180 καὶ
1264 2112 1553 2201 ὑπερδέα
1599 2116 1811 2199 δῆμον
1857 2117 2137 2198 ἔχοντας.
2238 2129 2341 2178 330

341 2218 496 2303 ἡμῖν
542 2216 617 2285 δὲ
662 2223 830 2297 Ζεὺς
873 2217 997 2305 μὲν
1041 2223 1212 2287 πολὺ
1257 2222 1565 2304 βούλεται
1609 2219 1653 2305 ἦ
1697 2226 2071 2286 Δαναοῖσιν

337 2326 557 2407 νίκην·
602 2320 743 2390 ἀλλ’
776 2323 969 2392 αὐτοὶ
1011 2323 1208 2412 τρεῖτ’
1251 2326 1537 2392 ἄσπετον
1583 2323 1743 2392 οὐδὲ
1787 2325 2136 2411 μάχεσθε.“

427 2424 515 2506 ὥς
559 2425 773 2515 ἔφατ’,
820 2433 1093 2509 Αἰνείας
1139 2428 1199 2497 δ’
1245 2429 1649 2516 ἑκατηβόλον
1687 2426 2063 2498 Ἀπόλλωνα

339 2539 510 2620 ἔγνω
558 2535 796 2602 ἐσάντα
841 2537 1038 2621 ἰδών,
1084 2535 1250 2622 μέγα
1297 2534 1357 2602 δ’
1385 2536 1668 2622 Ἕκτορα
1714 2533 1852 2604 εἷπε
1897 2540 2166 2622 βοήσας·

338 2638 604 2728 ,ζἘκτορ
649 2639 706 2705 τ’
748 2638 855 2725 ἠδ’
899 2643 1091 2707 ἄλλοι
1143 2643 1390 2725 Τρώων
1435 2640 1587 2727 ἀγοὶ
1628 2637 1735 2727 ἠδ’
1777 2643 2174 2724 ἐπικούρων,
2235 2651 2336 2705 335

340 2747 542 2823 αἰδὼς
586 2743 707 2831 μὲν
752 2753 882 2811 νῦν
927 2746 1049 2829 ἥδε
1091 2742 1184 2830 γ’,
1231 2747 1605 2833 ἀρηιφίλων
1649 2745 1760 2812 ὑπ’
1806 2744 2081 2833 Ἀχαιῶν

328 2852 536 2919 Ἴλιον
582 2855 1013 2937 εἰσαναβῆναι
1057 2853 1439 2939 ἀναλκείῃσι
1484 2851 1824 2938 δαμέντας.
2483 2888 2484 2895 1

340 2957 482 3025 ἀλλ’
527 2962 623 3026 ἔτι
664 2958 792 3044 γάρ
835 2960 936 3035 τίς
979 2974 1147 3043 φησι
1190 2965 1406 3042 θεῶν,
1453 2957 1600 3043 ἐμοὶ
1643 2960 1795 3044 ἄγχι
1837 2957 2195 3046 παραστάς,
2325 3029 2335 3038 „
2481 2906 2484 2997 ι

340 3059 527 3150 Ζῆν’,
573 3065 828 3131 ὕπατον
873 3067 1214 3150 μήστωρα,
1260 3065 1469 3149 μάχης
1513 3064 1958 3151 ἐπιτάρροθον
2003 3060 2198 3130 εἶναι·

337 3180 429 3257 τῷ
475 3164 537 3258 ῤ’
581 3172 737 3249 ἰθὺς
780 3176 1070 3236 Δαναῶν
1116 3176 1335 3255 ἴομεν,
1382 3163 1536 3254 μηδ’
1579 3171 1650 3235 οἵ
1686 3193 1760 3253 γε
1806 3169 2029 3253 ἕκηλοι
2236 3179 2333 3233 340

342 3276 736 3364 Πάτροκλον
781 3274 1023 3360 νηυσὶν
1067 3279 1466 3342 πελασαίατο
1510 3277 1920 3359 τεθνηῶτα.“

429 3377 517 3461 ὦς
563 3384 765 3469 φάτο,
810 3384 931 3449 καί
968 3382 1054 3470 ῥα
1097 3386 1269 3449 πολὺ
1312 3382 1670 3468 προμάχων
1716 3381 2064 3466 ἐξάλμενος
2108 3385 2282 3465 Satn·

341 3492 413 3557 οἱ
453 3488 513 3556 δ’
566 3491 1002 3575 ἐλελίχθησαν
1043 3487 1156 3554 καὶ
1201 3487 1491 3555 ἐναντίοι
1536 3492 1731 3555 ἔσταν
1770 3486 2062 3572 Ἀχαιῶν.

2481 2694 2484 2761 f
