2525 3884
962 186 1264 238 IAIAAOZ
1302 188 1500 242 xxm.
2106 180 2236 247 209

212 333 423 396 ἄλλον
471 327 592 414 μὲν
637 330 910 414 χλαίνης
953 328 1191 415 ἐρύων,
1239 329 1444 394 ἄλλον
1492 324 1565 394 δὲ
1610 339 1915 413 χιτῶνος·

202 436 355 502 1τῶν
402 431 462 501 δ’
509 435 922 519 ἐλεησάντων
966 435 1254 518 κοτύλην
1299 456 1398 511 τις
1441 435 1694 510 τυτθὸν
1741 433 2040 520 ἐπέσχεν·

211 546 436 628 χείλεα
481 541 603 627 μέν
639 537 697 606 τ’
751 536 985 625 ἐδίην’,
1029 539 1339 628 ὑπερῴην
1386 534 1447 605 δ’
1501 540 1625 606 οὐκ
1673 539 1955 624 ἐδίηνεν.
2136 555 2243 605 495

212 651 340 715 τὸν
386 645 458 715 δὲ
503 645 614 713 καὶ
659 647 1040 733 ἀμφιθαλὴς
1086 648 1157 714 ἐκ
1204 647 1472 725 δαιτύος
1518 645 1967 731 ἐστυφέλιξεν,

215 752 450 841 χερσὶν
493 755 837 838 πεπληγὼς
882 752 992 819 καὶ
1038 754 1459 819 ὀνειδείοισιν
1506 754 1819 820 ἐνίσσων·

206 857 393 946 ’ἔρρ’
446 861 682 937 οὕτως·
729 860 809 926 οὐ
854 863 969 936 σός
1013 884 1090 944 γε
1133 861 1346 945 πατὴρ
1384 861 1854 946 μεταδαίνυται
1898 852 2087 944 ἡμῖνῖ

221 969 571 1053 δακρυόεις
620 965 699 1032 δέ
736 961 799 1031 τ’
842 968 1055 1032 άνεισι
1089 966 1252 1042 πάις
1299 966 1365 1043 ἐς
1409 964 1655 1053 μητέρα
1698 968 1940 1053 χήρην,

213 1069 613 1157 Ἀστυάναξ,
661 1073 735 1150 ὃς
778 1070 936 1159 πρὶν
983 1068 1104 1156 μὲν
1151 1071 1266 1137 ἑοῦ
1313 1070 1417 1138 ἐπὶ
1462 1073 1745 1155 γούνασι
1788 1073 2031 1157 πατρὸς
2141 1085 2245 1135 600

219 1173 473 1265 μυελὸν
520 1175 667 1245 οἷον
714 1181 937 1245 ἔδεσκε
982 1175 1092 1242 καὶ
1128 1179 1292 1243 οἰῶν
1336 1181 1537 1243 πίονα
1584 1179 1822 1263 δημόν·

221 1285 434 1370 αὐτὰρ
480 1279 593 1351 ὅθ’
644 1285 852 1361 ὕπνος
897 1283 1036 1350 ἕλοι
1079 1283 1407 1348 παύσαιτό
1450 1304 1520 1348 τε
1564 1283 2012 1367 νηπιαχεύων,

222 1385 490 1456 εὕδεσκ’
544 1389 617 1455 ἐν
663 1388 1060 1475 λέκτροισιν,
1110 1388 1183 1454 ἐν
1229 1387 1655 1471 ἀγκαλίδεσσι
1698 1391 2007 1472 τιθήνης,

222 1495 390 1580 εὐνῇ
438 1497 540 1560 ἔνι
583 1499 859 1579 μαλακῇ,
903 1493 1173 1560 θαλέων
1221 1494 1716 1578 ἐμπλησάμενος
1760 1501 2106 1579 κῆρ..

222 1609 360 1667 νῦν
389 1596 450 1666 δ’
486 1599 569 1666 ἂν
595 1603 807 1666 πολλὰ
832 1600 1109 1684 πάθησι,
1139 1602 1344 1684 φίλου
1364 1599 1489 1666 ἀπὸ
1508 1601 1752 1686 πατρὸς
1781 1598 2112 1685 ἁμαρτών,
2143 1614 2248 1664 505

219 1704 604 1789 Ἀστυάναξ,
653 1706 733 1771 ὃν
786 1710 1004 1792 Τρῶες
1043 1704 1384 1788 ἐπίκλησιν
1429 1703 1810 1771 καλέουσιν·

229 1806 374 1889 οἶος
416 1814 542 1900 γάρ
589 1827 754 1897 σφιν
801 1814 1000 1897 ἔρυσο
1045 1812 1257 1889 πύλας
1301 1808 1411 1876 καὶ
1455 1815 1668 1896 τείχεα
1713 1811 1945 1897 μακρά.

226 1927 361 1984 νῦν
405 1914 478 1984 δὲ
525 1915 598 1983 σὲ
644 1914 765 2002 μὲν
809 1917 984 2002 παρα
1007 1914 1243 2001 νηυσὶ
1308 1921 1655 2002 κορωνίσι,
1708 1919 1916 2001 νόσφι
1967 1918 2248 2001 τοκήων,

230 2024 452 2089 αἰόλαι
499 2020 686 2088 εὐλαὶ
731 2023 1016 2105 ἔδονται,
1064 2021 1210 2087 ἐπεί
1248 2045 1321 2086 κε
1365 2022 1559 2098 κύνες
1603 2020 2038 2106 κορέσωνται,

232 2130 516 2215 γυμνόν·
564 2127 725 2213 ἀτάρ
769 2149 875 2194 τοι
918 2121 1127 2212 εἵματ’
1180 2125 1281 2193 ἐνὶ
1326 2130 1670 2213 μεγάροισι
1712 2124 2004 2191 κέονται,
2146 2143 2251 2193 610

232 2235 434 2302 λεπτά
475 2258 545 2299 τε
588 2230 698 2299 καὶ
742 2235 1075 2319 χαρίεντα,
1117 2231 1480 2318 τετυγμένα
1523 2230 1709 2318 χερσὶ
1751 2242 2107 2316 γυναικῶν.

234 2338 379 2408 ἀλλ’
426 2335 471 2424 ἦ
513 2364 617 2406 τοι
660 2340 818 2405 τάδε
851 2340 1065 2405 πάντα
1108 2337 1492 2424 καταφλέξω
1536 2335 1697 2424 πυρὶ
1740 2336 1984 2426 κηλέῳ,

237 2444 437 2515 οὐδὲν
482 2428 598 2512 σοί
633 2441 698 2528 γ’
751 2446 989 2529 ὄφελος
999 2494 1019 2530 ,
1067 2442 1207 2511 ἐπεὶ
1253 2444 1391 2510 οὐκ.
1420 2444 1742 2528 ἐγκείσεαι
1788 2444 2013 2522 αὐτοῖς
2024 2492 2045 2528 ,

236 2553 403 2620 ἀλλὰ
444 2554 609 2640 πρὸς
659 2551 906 2637 Τρώων
948 2549 1058 2618 καὶ
1111 2552 1474 2638 Τρωιάδων
1518 2548 1707 2628 κλέος
1751 2545 1986 2616 εἷναι.“

238 2655 326 2737 ὧς
372 2662 576 2744 ἔφατο
620 2653 946 2741 κλαίουσ’,
992 2655 1098 2724 ἐπὶ
1144 2655 1217 2724 δὲ
1263 2656 1659 2742 στενάχοντο
1704 2666 2030 2739 γυναῖκες.
2149 2673 2255 2723 615

939 2949 1430 3025 ΙΛΙΑΔΟΣ
1483 2950 1578 3026 Ψ.

815 3172 1017 3243 ἆθλα
1063 3173 1189 3242 ἐπὶ
1236 3177 1680 3262 Πατρόκλῳ.

244 3297 333 3380 ὧς
378 3275 449 3368 οἱ
488 3299 610 3386 μὲν
656 3302 1048 3387 στενάχοντο
1094 3300 1256 3365 κατὰ
1299 3301 1559 3364 πτόλιν·
1607 3297 1812 3383 αὐτὰρ
1853 3291 2100 3381 Ἀχαιοὶ

243 3406 384 3474 ἐπεὶ
431 3410 512 3493 δὴ
559 3408 720 3492 νῆάς
764 3431 834 3473 τε
878 3404 988 3472 καὶ
1023 3402 1513 3489 Ἑλλήσποντον
1559 3404 1814 3484 ἵκοντο,

244 3515 316 3580 οἷ
355 3510 477 3599 μὲν
523 3510 627 3599 ἄρ’
682 3512 1065 3579 ἐσκίδναντο
1113 3509 1228 3594 ἑὴν
1275 3508 1380 3576 ἐπὶ
1426 3516 1554 3592 νῆα
1600 3506 1897 3585 ἕκαστος,

351 3627 554 3667 noum
578 3625 732 3666 mn.
774 3624 839 3664 11.
1397 3649 1400 3651 .
1873 3608 1940 3656 14
