2525 3884
267 215 354 280 36
851 275 856 279 -
1078 209 1652 343 mfifffm
1773 296 1780 300 -

268 361 528 424 πείθευ·
577 355 705 440 ἐγὼ
753 354 832 422 δέ
869 354 948 421 κέ
987 379 1091 421 τοι
1138 354 1293 422 ἰδέω
1339 356 1534 442 χάριν
1578 356 1793 439 ἤματα
1835 353 2064 420 πάντα.
2177 371 2285 420 235

268 465 589 548 κοίμησόν
633 485 746 547 μοι
793 463 1008 546 Ζηνὸς
1050 458 1161 526 ὑπ’
1216 461 1507 547 ὀφρύσιν
1554 461 1712 526 ὄσσε
1748 460 2031 545 φαεινώ,

271 564 480 634 αὐτίκ’
532 568 678 634 ἐπεί
704 591 821 633 κεν
866 567 994 652 ἐγὼ
1038 565 1485 652 παραλέξομαι
1530 565 1604 632 ἐν
1650 568 1971 650 φιλότητι.

271 677 454 761 δῶρα
499 673 579 740 δέ
616 698 720 740 τοι
765 675 956 743 δώσω
1000 674 1206 739 καλὸν
1249 675 1540 759 θρόνον,
1587 673 1883 756 ἄφθιτον
1929 673 2085 755 αἰεί,

270 781 580 867 χρύσεον·
610 779 977 866 ι’Ἠφαιστος
1022 777 1102 845 δέ
1131 776 1193 845 κ’
1246 778 1400 864 ἐμὸς
1442 779 1596 855 πάις
1642 778 2036 863 ἀμφιγυήεις
2159 795 2163 801 ’

268 885 479 965 τεύξει
524 886 838 971 ἀσκήσας,
884 885 1012 952 ὑπὸ
1061 882 1135 951 δὲ
1177 892 1446 970 θρῆνυν
1490 881 1693 950 ποσὶν
1736 885 1910 968 ἥσει,
2178 900 2287 950 240
2352 896 2374 942 4

269 995 360 1082 τῷ
405 1017 522 1076 κεν
568 992 902 1077 ἐπισχοίης
945 994 1266 1077 λιπαροὺς
1308 992 1517 1068 πόδας
1564 991 2064 1069 εἰλαπινάζων.“

240 1136 253 1150 ·
357 1100 480 1183 τὴν
527 1094 593 1165 δ’
643 1099 1165 1184 ἀπαμειβόμενος
1216 1097 1640 1183 προσεφώνεε
1695 1098 1991 1182 νήδυμος
2016 1095 2287 1174 Ἥνος·

274 1205 511 1292 ,ξἨρη,
558 1203 811 1290 πρέσβα
854 1207 1013 1289 θεά,
1058 1205 1353 1291 θύγατερ
1398 1205 1709 1289 μεγάλοιο
1756 1206 2081 1289 Κρόνοιο,

273 1313 482 1377 ’ἄλλον
528 1309 649 1396 μέν
692 1335 808 1377 κεν
855 1310 983 1395 ἐγώ
1027 1334 1104 1394 γε
1147 1316 1330 1375 θεῶν
1376 1311 1837 1393 αἰειγενετάων
2283 1365 2288 1369 .

273 1416 416 1502 ῥεῖα
460 1420 958 1502 κατευνήσαιμι,
1004 1413 1114 1481 καὶ
1157 1414 1241 1481 ἄν
1286 1426 1605 1500 ποταμοῖο
1652 1414 1898 1502 ῥέεθρα
2180 1431 2287 1480 245

265 1521 613 1605 Ὠκεανοῦ,
660 1523 733 1600 ὅς
775 1544 899 1608 περ
943 1520 1200 1606 γένεσις
1242 1521 1557 1586 πάντεσσι
1600 1519 1925 1586 τέτυκται·

207 1701 213 1711 ,
275 1631 492 1712 Ζηνὸς
536 1623 597 1693 δ’
648 1627 770 1692 οὐκ
815 1625 899 1692 ἄν
945 1625 1072 1709 ἐγώ
1117 1649 1193 1709 γε
1236 1629 1611 1712 Κρονίονος
1656 1621 1865 1691 ἆσσον
1911 1627 2172 1711 ἱκοίμην

276 1731 436 1800 οὐδὲ
479 1729 971 1817 κατευνήσαιμ’,
1020 1733 1127 1798 ὅτε
1171 1734 1258 1817 μὴ
1307 1733 1504 1810 αὐτός
1545 1756 1622 1815 γε
1666 1733 1941 1799 κελεύοι.

273 1842 400 1924 ήδη
445 1840 574 1925 γάρ
619 1862 700 1923 με
743 1836 853 1904 καὶ
897 1838 1129 1903 ἄλλοτε
1174 1839 1256 1922 σὴ
1304 1838 1656 1904 ἐπίνυσσεν
1711 1837 1977 1924 ἐφετμή,

278 1948 475 2031 ἤματι
517 1943 642 2035 τῷ,
689 1945 796 2010 ὅτε
840 1953 1058 2020 κεῖνος
1101 1941 1488 2027 ὑπέρθυμος
1531 1944 1699 2019 Διὸς
1741 1943 1889 2019 υίὸς
2183 1916 2317 2015 250.Δ
2419 1948 2422 1957 ’

277 2054 506 2117 ἔπλεεν
542 2048 860 2133 Ἰλιόθεν,
915 2048 1162 2133 Τρώων
1206 2051 1404 2114 πόλιν
1450 2047 1887 2142 ἐξαλαπάξας..

275 2153 317 2241 ἦ
362 2181 467 2223 τοι
513 2157 640 2241 ἐγὼ
686 2153 809 2241 μὲν
854 2153 1038 2233 ἔλεξα
1079 2156 1249 2232 Διὸς
1292 2157 1457 2220 νόον
1502 2156 1823 2239 αἰγιόχοιο

276 2264 573 2348 νήδυμος
618 2262 1050 2348 ἀμφιχυθείς,
1098 2263 1183 2325 σὺ
1230 2258 1311 2326 δέ
1352 2261 1423 2325 οἰ
1459 2262 1627 2325 κακὰ
1670 2261 1884 2345 μήσαο
1929 2267 2127 2350 θυμῷ
2233 2251 2240 2261 ’

283 2365 513 2453 ὄρσασ’
566 2366 905 2453 ἀργαλέων
951 2365 1214 2451 ἀνέμων
1261 2364 1365 2433 ἐπὶ
1410 2369 1658 2432 πόντον
1703 2366 1931 2450 ἀήτας,

279 2478 395 2541 καί
431 2500 546 2560 μιν
592 2476 811 2540 ἔπειτα
854 2471 1117 2540 Κόωνδ’
1174 2473 1250 2540 ἐὺ
1289 2467 1656 2558 ’ναιομένην
1700 2470 2073 2557 ἀπένεικας,
2187 2491 2290 2541 255

279 2585 485 2667 νόσφι
531 2583 747 2666 φίλων
790 2579 1076 2645 πάντων.
1122 2578 1159 2644 ὁ
1206 2577 1269 2645 δ’
1323 2579 1758 2665 ἐπεγρόμενος
1786 2576 2193 2664 ,χαλέπαινεν

282 2686 609 2774 ῥιπτάζων
652 2685 815 2750 κατὰ
860 2685 1046 2769 δῶμα
1087 2685 1322 2767 θεούς,
1371 2681 1483 2769 ἐμὲ
1520 2679 1581 2750 δ’
1632 2683 1824 2770 ἔξοχα
1858 2686 2126 2775 πάντων
2179 2754 2184 2759 .

288 2798 482 2878 ζήτει·
528 2795 646 2857 καί
682 2788 763 2856 κέ
800 2787 865 2876 μ’
920 2791 1149 2857 ἄιστον
1195 2784 1304 2855 ἀπ’
1346 2789 1620 2877 αἰθέρος
1664 2792 1903 2876 ἔμβαλε
1947 2794 2204 2881 πόντῳ,

285 2902 348 2965 εἰ
389 2900 476 2983 μὴ
523 2895 672 2975 Νὺξ
720 2897 1034 2981 δμήτειρα
1078 2902 1260 2961 θεῶν
1309 2895 1555 2962 ἐσάωσε
1599 2893 1710 2981 καὶ
1754 2897 2045 2984 ἀνδρῶν·

284 3007 406 3090 τὴν
455 3005 690 3088 ἱκόμην
719 3003 1017 3087 φεύγων,
1064 3000 1101 3069 ὁ
1150 2996 1211 3067 δ’
1254 3001 1580 3069 ἐπαύσατο
1625 3005 1959 3088 χωόμενός
2009 3024 2159 3091 περ·
2189 3019 2293 3071 ’26ο

287 3113 470 3191 ἅζετο
514 3108 674 3196 γάρ,
720 3110 808 3193 μὴ
855 3105 1070 3174 Νυκτὶ
1114 3115 1250 3193 θοῇ
1296 3107 1638 3193 ἀποθύμια
1685 3110 1885 3196 ἔρδοι.

285 3227 414 3284 νῦν
461 3211 547 3282 αὖ
591 3217 788 3281 τοῦτό
832 3211 900 3300 μ’
953 3215 1214 3299 ἄνωγας
1258 3214 1599 3299 ἀμήχανον
1644 3215 1805 3281 ἄλλο
1851 3213 2215 3282 τελέσσαι.“

373 3325 492 3389 τὸν
539 3318 604 3387 δ’
659 3314 816 3386 αὖτε
859 3319 1205 3403 προσέειπε
1248 3323 1496 3405 βοῶπις
1539 3322 1777 3391 πότνια
1806 3319 2011 3407 ”Ήρη·

286 3427 551 3513 ,ξ’ίῦενε,
595 3434 663 3492 τί
703 3422 746 3511 ἦ
794 3423 868 3494 δὲ
912 3430 998 3494 σὺ
1040 3435 1246 3492 ταῦτα
1300 3427 1459 3511 μετὰ
1513 3423 1710 3511 φρεσὶ
1755 3435 1908 3512 σῇσι
1952 3435 2294 3515 μενοινᾷς,

287 3530 328 3619 ἦ
376 3530 509 3620 φῂς
553 3528 642 3610 ὧς
686 3534 1021 3620 Τρώεσσιν
1067 3529 1387 3619 ἀρηξέμεν
1432 3530 1726 3617 εὐρύοπα
1772 3536 1942 3614 Ζῆν,
2194 3549 2296 3602 265
