2525 3884
230 179 321 244 34
1044 180 1352 233 ΙΛΙΑΔΟΣ
1385 177 1450 237 Ξ.

231 332 350 389 τοῦ
392 321 504 388 καὶ
546 320 929 407 κινυμένοιο
976 324 1144 399 Διὸς
1185 324 1351 388 κατὰ
1394 318 1793 407 χαλκοβατὲς
1839 323 1934 387 δῶ

232 432 437 513 ἔμπης
482 427 550 506 ἐς
593 429 795 512 γαῖάν
839 451 909 493 τε
953 426 1065 494 καὶ
1109 428 1403 514 οὐρανὸν
1448 421 1603 494 ἵκετ’
1656 428 1887 513 ἀυτμή.

230 543 321 623 τῷ
368 531 431 619 ῤ’
482 535 526 618 ἤ
570 559 645 618 γε
690 537 855 620 χρόα
897 535 1102 600 καλὸν
1147 532 1582 619 ἀλειψαμένη,
1631 530 1731 600 ἰδὲ
1775 537 2000 619 χαίτας
2142 552 2258 602 175

232 638 586 725 πεξαμένη,
631 638 816 726 χερσὶ
859 640 1238 724 πλοκάμους
1283 639 1506 719 ἔπλεξε
1551 643 1869 724 φαεινοὺς

231 749 474 824 καλοὺς
519 746 923 831 ἀμβροσίους
967 746 1039 810 ἐκ
1081 746 1365 832 κράατος
1409 744 1792 812 ἀθανάτοιο.
2076 768 2086 776 ·

222 849 408 937 ’ἀμφὶ
454 846 513 917 δ’
564 851 673 937 ἄρ’
727 852 1095 936 ἀμβρόσιον
1142 850 1341 918 ἑανὸν
1386 848 1606 935 ἕσαθ’,
1655 852 1734 917 ὅν
1779 852 1850 918 oc
1883 846 2131 936 Ἀθήνη

237 953 412 1036 ἔξυσ’
463 945 832 1042 ἀσκήσασα,
878 961 1055 1023 τίθει
1102 955 1164 1022 δ’
1217 955 1319 1023 ἐνὶ
1366 959 1646 1023 δαίδαλα
1689 958 1925 1023 πολλά·

233 1066 541 1150 χρυσείῃς
587 1060 646 1129 δ’
700 1063 956 1149 ἐνετῇσι
998 1064 1162 1129 κατὰ
1207 1070 1456 1148 στῆθος
1499 1073 1842 1148 περονᾶτο.
2142 1081 2292 1131 180·

237 1169 482 1247 ζώσατο
521 1166 595 1235 δὲ
641 1170 855 1254 ζώνην
901 1168 1134 1235 ἑκατὸν
1176 1171 1507 1247 θυσάνοις
1551 1170 1907 1254 ἀραρυῖαν,

235 1272 309 1339 ἐν
355 1272 416 1339 δ’
469 1276 596 1361 ἄρα
641 1274 885 1361 ἕρματα
929 1270 1086 1359 ἧκεν
1133 1274 1504 1361 ἐυτρήτοισι
1548 1278 1847 1360 λοβοῖσιν

235 1383 553 1465 τρίγληνα
597 1383 947 1467 μορόεντα·
993 1382 1181 1467 χάρις
1227 1375 1289 1446 δ’
1341 1380 1750 1465 ἀπελάμπετο
1795 1384 2021 1465 πολλή.
2089 1367 2095 1378 ’

234 1484 579 1575 κρηδέμνῳ
627 1483 688 1552 δ’
741 1488 1082 1573 ἐφύπερθε
1126 1487 1465 1566 καλύψατο
1513 1489 1623 1552 δῖα
1666 1487 1892 1553 θεάων

234 1596 411 1680 καλςό
456 1591 780 1681 νηγατέῳ·
824 1593 1126 1677 λαμπρὸν
1171 1590 1235 1657 δ’
1288 1587 1373 1676 ἦν
1417 1590 1635 1675 ἠέλιος
1680 1593 1768 1670 ὥς
1780 1550 2076 1675 ’ζξζμζαω
2032 1626 2054 1663 ι
2083 1570 2255 1660 18”5

234 1694 434 1762 ποσσὶ
481 1692 542 1763 δ’
592 1697 722 1764 ὑπὸ
769 1702 1146 1783 λιπαροῖσιν
1191 1697 1472 1781 ἐδήσατο
1517 1700 1684 1763 καλὰ
1727 1696 1977 1763 πέδιλα.

236 1801 444 1887 αὐτὰρ
490 1801 629 1868 ἐπεὶ
676 1802 759 1886 δὴ
803 1803 1017 1868 πάντα
1059 1800 1208 1888 περὶ
1252 1805 1407 1888 χροῒ
1444 1806 1698 1887 θήκατο
1742 1806 2020 1888 κόσμον,

236 1911 320 1991 βῆ
367 1906 429 1994 ῥ’
482 1913 629 1993 ἴμεν
674 1907 746 1973 ἐκ
787 1908 1150 1992 θαλάμοιο,
1195 1907 1647 1992 καλεσσαμένη
1697 1906 1760 1974 δ’
1809 1902 2211 1995 Ἀφροδίτην

236 2024 369 2078 τῶν
414 2014 632 2079 ἄλλων
677 2012 1016 2078 ἀπάνευθε
1059 2019 1243 2078 θεῶν
1288 2013 1453 2098 πρὸς
1496 2019 1720 2097 μῦθον
1765 2015 2005 2080 ἔειπεν·

239 2114 324 2202 ,,ἦ
371 2119 455 2205 ῥά
490 2120 577 2186 νύ
612 2122 734 2204 μοί
753 2142 817 2185 τι
844 2121 1108 2201 πίθοιο,
1146 2121 1348 2202 φίλον
1374 2116 1590 2202 τέκος,
1629 2119 1766 2185 ὅττι
1793 2143 1907 2186 κεν
1936 2127 2251 2203 εἴπω,190

238 2222 319 2310 ἦέ
356 2248 471 2291 κεν
518 2225 870 2310 ἀρνήσαιο,
915 2222 1361 2308 κοτεσσαμένη
1407 2227 1482 2290 τό
1525 2249 1602 2308 γε
1645 2232 1874 2314 θυμῷ,

240 2327 463 2398 οὕνεκ’
516 2329 644 2415 ἐγὼ
690 2337 1050 2415 Δαναοῖσι,
1095 2333 1183 2395 σὺ
1229 2327 1305 2396 δὲ
1356 2331 1692 2417 Τρώεσσιν
1737 2330 2078 2416 ἀρήγειςςίι

326 2439 449 2522 τὴν
494 2432 559 2503 δ’
608 2432 891 2522 ἠμείβετ’
941 2441 1159 2503 ἔπειτα
1204 2439 1373 2514 Διὸς
1414 2436 1718 2523 θυγάτηρ
1758 2435 2138 2522 Ἀφροδίτη·

240 2542 465 2630 ,ζΉρη,
509 2541 761 2629 πρέσβα
804 2544 965 2626 θεά,
1009 2544 1304 2627 θύγατερ
1349 2543 1657 2627 μεγάλοιο
1703 2546 2026 2629 Κρόνοιο,

240 2651 446 2734 αὔδα,
484 2650 521 2716 ὅ
547 2671 613 2713 τι
641 2646 973 2734 φρονέεις·
1018 2646 1277 2713 τελέσαι
1305 2646 1386 2713 δέ
1409 2671 1489 2732 με
1532 2650 1753 2733 θυμὸς
1796 2650 2083 2732 ἄνωγεν,
2144 2666 2245 2714 195

241 2758 303 2822 εί
346 2756 634 2840 δύναμαι
676 2752 933 2820 τελέσαι
976 2775 1052 2836 γε
1094 2751 1204 2819 καὶ
1249 2755 1313 2819 εἰ
1352 2752 1814 2838 τετελεσμένον
1860 2754 2100 2820 ἐστίν.“

327 2862 449 2945 τὴν
495 2857 569 2926 δὲ
615 2858 1156 2946 δολοφρονέουσα
1199 2860 1548 2945 προσηύδα
1592 2862 1829 2926 πότνια
1856 2858 2058 2943 “Ηρη·

239 2968 403 3052 ,,δὸς
445 2975 574 3033 νῦν
618 2989 731 3050 μοι
776 2967 1096 3050 φιλότητα
1138 2962 1249 3030 καὶ
1295 2965 1556 3052 ἵμερον,
1604 2957 1657 3054 ᾧ
1701 2989 1772 3031 τε
1816 2968 1901 3033 σὺ
1944 2966 2192 3042 πάντας

241 3075 460 3161 δαμνᾷ
504 3073 883 3150 ἀθανάτους
925 3069 1044 3156 ἠδὲ
1086 3074 1383 3156 θνητοὺς
1428 3070 1845 3156 ἀνθρώπους.

241 3174 373 3264 εἶμι
413 3178 540 3266 γὰρ
585 3176 878 3263 ὀψομένη
924 3181 1360 3264 πολυφόρβου
1403 3180 1676 3263 πείρατα
1720 3181 1911 3262 γαίης
2146 3193 2252 3242 200

235 3283 549 3350 Ὦκκεανόν
593 3308 663 3349 τε
706 3290 889 3349 θεῶν
931 3283 1196 3367 γένεσιν
1238 3281 1349 3349 καὶ
1395 3282 1641 3368 μητέρα
1694 3284 1960 3367 Τηθύν,

242 3389 314 3454 οἵ
351 3411 430 3473 με
476 3396 707 3473 σφοῖσι
753 3388 1058 3472 δόμοισιν
1104 3388 1180 3454 ἐὺ
1223 3386 1476 3473 τρέφον
1521 3385 1632 3470 ἠδ’
1679 3386 2054 3470 ἀτίταλλον,

242 3493 586 3580 δεξάμενοι
620 3488 860 3577 Ῥείης,
908 3493 1015 3560 ὅτε
1057 3516 1129 3559 τε
1172 3496 1445 3579 Κρόνον
1491 3494 1784 3574 εὐρύοπα
1830 3495 1997 3569 Ζεὺς

2265 1565 2290 1593 4
2301 1564 2426 1603 *of-³24
2433 1570 2478 1599 ’‘-
