2525 3884
319 185 447 251 112
1117 187 1420 240 ΙΛΙΑΔοΣ
1455 189 1512 241 Ρ.

315 329 500 395 οὔδει
545 328 1012 415 ἐνισκίμψαντε
1056 333 1376 415 καρήατα·
1425 331 1681 417 δάκρυα
1727 329 1808 396 δέ
1848 348 2014 417 σφιν

312 436 532 520 θερμὰ
573 435 736 499 κατὰ
779 435 1133 520 βλεφάρων
1178 437 1459 521 χαμάδις
1503 435 1613 521 ῥέε
1658 436 2136 523 μυρομένοισιν

312 538 609 624 ἡνιόχοιο
652 542 874 629 πόθῳ,
921 543 1198 626 θαλερὴ
1222 538 1285 607 δ’
1330 541 1658 626 ἐμιαίνετο
1703 545 1892 626 χαίτη

299 639 582 730 ’ζεύγλης
627 644 1012 732 ἐξεριποῦσα
1055 649 1232 733 παρὰ
1281 648 1480 731 ζυγὸν
1524 646 2022 734 ἀμφοτέρωθεν.
2221 667 2350 717 440

312 750 662 836 μυρομένω
711 752 772 817 δ’
816 755 944 839 ἄρα
988 754 1078 816 τώ
1123 776 1200 836 γε
1246 754 1411 829 &obv
1458 751 1685 838 ἐλέησε
1729 756 2072 839 Κρονίων,

311 861 585 942 κινήσας
630 856 704 924 δὲ
747 861 913 946 κάρη
960 856 1154 943 προτὶ
1199 858 1280 924 ὃν
1324 861 1673 944 μυθήσατο
1721 862 1973 945 θυμόν·

311 958 400 1046 „ci
446 965 670 1047 δειλώ,
716 967 786 1028 τί
827 974 1005 1049 σφῶι
1053 966 1256 1048 δόμεν
1303 970 1526 1049 Πηλῆι
1571 966 1804 1033 ἄνακτι

309 1075 570 1157 θνητῷ,
615 1069 801 1154 ὑμεῖς
847 1064 907 1134 δ’
951 1068 1142 1135 ἐστὸν
1187 1069 1412 1156 ἀγήρω
1448 1067 1506 1135 τ’
1552 1070 1866 1136 ἀθανάτω
1904 1093 2002 1149 τες

310 1169 353 1257 ἦ
399 1175 510 1239 ἵνα
556 1175 942 1257 δυστήνοισι
984 1174 1123 1260 μετ’
1167 1175 1492 1261 ἀνδράσιν
1537 1173 1716 1260 ἄλγε’
1761 1179 2025 1260 ἔχητον;
2218 1197 2338 1247 445

313 1280 396 1346 οὐ
438 1277 562 1364 μὲν
607 1281 733 1365 γάρ
777 1284 848 1345 τί
884 1284 1016 1348 πού
1062 1282 1244 1348 ἐστιν
1289 1282 1726 1370 ὀιζυρώτερον
1770 1282 2013 1369 ἀνδρὸς

309 1386 607 1470 πάντων,
654 1388 821 1452 ὅσσα
865 1410 936 1452 τε
978 1398 1178 1471 γαῖαν
1224 1391 1331 1454 ἔπι
1374 1392 1583 1455 πνείει
1627 1411 1699 1454 τε
1743 1386 1853 1454 καὶ
1898 1388 2098 1474 ἕρπει.

311 1489 453 1558 ἀλλ’
498 1492 579 1558 οὐ
624 1494 755 1576 μὰν
799 1492 960 1576 ὑμῖν
1005 1516 1080 1576 γε
1123 1491 1234 1558 καὶ
1279 1495 1522 1579 ἅρμασι
1570 1494 2020 1561 δαιδαλέοισιν

294 1594 546 1683 ’Ὲκτωρ
591 1599 970 1682 Πριαμίδης
1015 1598 1424 1682 ἐποχήσεται·
1472 1601 1553 1666 οὐ
1598 1603 1725 1687 γὰρ
1772 1601 1961 1668 ἐάσω.

309 1699 351 1787 ᾖ
399 1704 520 1787 οὐχ
564 1703 735 1785 ἅλις,
788 1704 877 1779 ὡς
919 1701 1029 1768 καὶ
1082 1699 1288 1788 τεύχε’
1330 1708 1463 1789 ἔχει
1515 1704 1627 1771 καὶ
1686 1706 2021 1793 ἐπεύχεται
2075 1708 2326 1787 αὔτως;

310 1819 532 1893 σφῶιν
579 1806 638 1873 δ’
685 1808 758 1874 ἐν
802 1809 1119 1892 γούνεσσι
1161 1812 1342 1892 βαλῶ
1388 1809 1587 1893 μένος
1628 1806 1735 1895 ἠδ’
1780 1810 1879 1878 ἐνὶ
1922 1818 2151 1900 θυμῷ,
2213 1831 2327 1881 451

310 1917 488 2002 ὄφρα
532 1912 643 1981 καὶ
687 1914 1158 1999 Αὐτομέδοντα
1203 1917 1539 1982 σαώσετον
1586 1916 1657 1982 ἐκ
1702 1916 2015 2003 πολέμοιο

208 2007 215 2013 ’
307 2031 472 2106 νῆας
517 2024 623 2087 ἔπι
664 2022 1037 2108 γλαφυράς·
1083 2024 1177 2087 ἔτι
1222 2023 1351 2106 γάρ
1399 2039 1589 2106 σφισι
1633 2025 1838 2101 κῦδος
1882 2023 2084 2110 ὀρέξω

308 2131 619 2211 κτείνειν,
665 2129 759 2205 εἰς
803 2128 840 2194 ὅ
884 2151 959 2194 κε
1002 2136 1167 2212 νῆας
1212 2127 1614 2213 ἐυσσέλμους
1659 2130 2026 2214 ἀφίκωνται

311 2234 438 2319 δύῃ
479 2231 535 2297 τ’
576 2231 795 2318 ήέλιος
836 2230 947 2298 καὶ
991 2230 1097 2298 ἐπὶ
1140 2233 1389 2319 κνέφας
1435 2235 1616 2319 ἱερὸν
1661 2236 1893 2321 ἕλθῃ.“
2207 2254 2324 2305 455

398 2333 488 2415 ὧς
533 2340 735 2405 εἰπὼν
780 2340 1079 2405 ἵπποισιν
1124 2339 1519 2406 ἐνέπνευσεν
1563 2340 1762 2425 μένος
1804 2342 1918 2425 ἠύ·

308 2446 399 2520 τὼ
447 2441 508 2508 δ’
551 2444 677 2510 ἀπὸ
723 2446 1012 2529 χαιτάων
1055 2449 1291 2528 κονίην
1337 2447 1628 2512 οὐδάσδε
1672 2450 1951 2531 βαλόντε

308 2543 501 2637 ῥίμφ’
543 2553 788 2636 ἐφερον
832 2551 1006 2615 θοὸν
1051 2551 1226 2636 ἅρμα
1271 2553 1431 2636 μετὰ
1483 2555 1712 2637 Τρῶας
1756 2550 1866 2619 καὶ
1904 2549 2220 2639 Ἀχαιούς.

305 2667 480 2722 τοῖσι
518 2653 580 2722 δ’
615 2655 724 2721 ἐπ’
753 2653 1160 2740 Αὐτομέδων
1187 2654 1437 2741 μάχετ’,
1475 2657 1842 2743 ἀχνύμενός
1865 2680 1989 2743 περ
2017 2657 2315 2746 ἑταίρου,

309 2763 529 2839 ἵπποις
574 2761 855 2845 ἀίσσων,
902 2761 991 2838 ὥς
1033 2757 1090 2825 τ’
1134 2763 1438 2846 αἰγυπιὸς
1482 2765 1643 2847 μετὰ
1685 2773 1914 2848 χῆνας·
2209 2783 2316 2833 460

307 2867 426 2953 ῥέα
471 2866 592 2954 μὲν
635 2868 762 2952 γὰρ
808 2868 1170 2951 φεύγεσκεν
1215 2864 1381 2933 ὑπὲκ
1432 2870 1681 2954 Τρώων
1727 2869 2138 2954 ὀρυμαγδοῦ,

308 2972 452 3058 ῥεῖα
497 2971 559 3040 δ’
603 2972 946 3052 ἐπαΐξασκε
989 2976 1202 3038 πολὺν
1246 2971 1403 3038 καθ’
1446 2975 1679 3060 ὅμιλον
1720 2975 1994 3054 ὀπάζων.

307 3076 450 3146 ἀλλ’
496 3079 617 3164 οὐχ
661 3077 807 3166 ᾔρει
853 3090 1104 3165 φῶτας,
1151 3080 1258 3146 ὅτε
1305 3081 1568 3145 σεύαιτο
1617 3081 1907 3146 διώκειν·

308 3185 390 3251 οὐ
433 3187 560 3270 γάρ
605 3209 743 3263 πως
785 3181 871 3269 ἦν
917 3181 1063 3252 οἷον
1109 3184 1293 3253 ἐόνθ’
1329 3188 1482 3275 ἱερῷ
1530 3185 1632 3253 ἐνὶ
1678 3187 1894 3274 δίφρῳ

309 3295 482 3377 ἔγχει
528 3292 953 3378 ἐφορμᾶσθαι
995 3290 1107 3358 καὶ
1150 3293 1440 3377 ἐπίσχειν
1483 3291 1692 3370 ὠκέας
1736 3294 1992 3369 ἵππους.
2210 3309 2309 3359 465

307 3394 430 3476 ὀψὲ
477 3395 551 3464 δὲ
596 3400 678 3484 δή
725 3423 840 3483 μιν
886 3397 1141 3485 ἑταῖρος
1185 3398 1352 3482 ἀνὴρ
1400 3399 1543 3464 ἴδεν
1589 3399 2040 3485 ὀφθαλμοῖσιν

302 3500 699 3588 Ἀλκιμέδων
742 3503 890 3582 υίὸς
932 3502 1262 3591 Λαέρκεος
1307 3494 1707 3588 Αἱμονίδαο·
