2525 3884
890 202 1195 254 numen
1230 204 1374 257 m
2012 199 2138 264 143

148 342 447 429 μύρονθ’.
534 344 576 427 ἡ
623 337 688 408 δ’
739 344 814 409 ἐν
858 355 1031 409 τοῖσι
1075 347 1436 430 παρίστατο
1485 346 1596 410 δῖα
1640 345 1895 427 θεάων,

143 451 206 512 ἔν
246 447 307 513 τ’
360 451 485 534 ἄρα
532 451 603 514 οί
643 458 740 534 φῦ
785 453 984 535 χειρί,
1033 451 1190 526 ἔπος
1229 447 1280 514 τ’
1335 447 1518 534 ἔφατ’
1572 452 1645 515 ἔκ
1686 445 1744 515 τ’
1796 450 2139 535 ὀνόμαζεν·

68 588 69 591 ¹
139 552 406 635 ,,τέκνον
450 556 632 641 ἐμόν,
677 564 918 621 τοῦτον
964 552 1086 639 μὲν
1131 555 1414 640 ἐάσομεν
1460 555 1824 640 ἀχνύμενοί
1860 578 1982 641 περ

138 667 428 744 κεῖσθαι,
475 660 614 727 ἐπεὶ
662 662 743 744 δὴ
788 671 1014 747 πρῶτα
1059 668 1243 727 θεῶν
1291 664 1497 745 ἰότητι
1544 662 1878 745 δαμάσθη·

138 766 288 850 τύνη
338 763 401 832 δ’
444 765 835 851 Ἡφαίστοιο
882 768 1057 853 πάρα
1102 769 1306 833 κλυτὰ
1350 768 1582 852 τεύχεα
1628 767 1776 846 δέξο
2076 785 2141 835 10

138 873 289 936 καλὰ
336 869 519 957 μάλ’,
568 865 657 938 οἷ’
710 874 792 938 οὔ
837 875 939 939 πώ
985 895 1083 950 τις
1127 874 1296 958 ἀνὴρ
1344 875 1581 958 ὤμοισι
1625 875 1985 960 φόρησεν.“

214 972 300 1054 ὧς
344 981 474 1065 ἄρα
522 982 888 1063 φωνήσασα
933 980 1062 1046 θεὰ
1106 981 1269 1044 κατά
1312 975 1543 1065 τεύχε’·
1574 983 1817 1063 ἔθηκεν

135 1085 424 1163 πρόσθεν
465 1082 830 1170 Ἀχιλλῆος·
875 1087 954 1149 τὰ
1001 1082 1063 1150 δ’
1114 1086 1434 1172 ἀνέβραχε
1482 1087 2035 1153 δαίδαλαπάντα.

136 1191 569 1275 Μυρμιδόνας
615 1186 677 1257 δ’
727 1193 856 1278 ἄρα
900 1193 1148 1269 πάντας
1194 1191 1299 1257 ἕλε
1343 1195 1602 1277 τρόμος,
1652 1192 1815 1258 οὐδέ
1854 1216 1954 1268 τις
1990 1194 2138 1275 ἔτλη

134 1294 327 1378 ἄντην
375 1295 705 1381 εἰσιδέειν,
753 1292 896 1362 ἀλλ’
947 1300 1235 1384 ἔτρεσαν.
1329 1297 1537 1383 αὐτὰρ
1585 1292 1912 1383 Ἀχιλλεὺς
2076 1313 2140 1362 15

135 1398 210 1476 ὡς
253 1396 408 1486 εἶδ’,
458 1399 546 1480 ὧς
592 1428 706 1487 μιν
753 1408 1004 1488 μᾶλλον
1049 1405 1168 1468 ἔδυ
1214 1405 1438 1487 χόλος,
1484 1403 1558 1468 ἐν
1605 1402 1686 1469 δέ
1726 1404 1796 1469 οί
1836 1405 1991 1469 ὄσσε

134 1505 348 1573 δεινὸν
398 1510 528 1575 ὑπὸ
575 1510 929 1596 βλεφάρων
975 1509 1063 1587 ὡς
1107 1511 1169 1575 εἰ
1211 1509 1406 1586 σέλας
1451 1508 1889 1594 ἐξεφάανθεν·

134 1609 392 1702 τέρπετο
442 1612 501 1680 δ’
556 1615 630 1681 ἐν
676 1617 1005 1702 χείρεσσιν
1052 1617 1221 1699 ἔχων
1265 1621 1437 1690 θεοῦ
1482 1615 1691 1699 ἀγλαὰ
1739 1617 1938 1701 δῶρα.

133 1717 326 1802 αὐτὰρ
376 1718 515 1786 ἐπεὶ
563 1719 803 1807 φρεσὶν
847 1713 960 1807 ᾖσι
1006 1722 1354 1806 τετάρπετο
1403 1723 1683 1788 δαίδαλα
1729 1723 2060 1805 λεύσσων,

136 1823 356 1899 αὐτίκα
406 1825 654 1912 μητέρα
696 1827 782 1910 ἣν
829 1829 986 1892 ἔπεα
1031 1829 1390 1911 πτερόεντα
1434 1831 1808 1915 προσηύδα·
2073 1844 2142 1892 20

134 1938 368 2016 »μῆτερ
418 1932 560 2016 ἐμή,
606 1934 686 1995 τὰ
731 1929 852 2017 μὲν
899 1933 1067 1997 ὅπλα
1110 1934 1270 2010 θεὸς
1315 1937 1549 2020 πόρεν,
1598 1926 1682 1999 οἷ’
1736 1929 2008 2008 ἐπιεικὲς

135 2034 261 2116 ἔργ’
305 2041 464 2123 ἔμεν
511 2037 889 2121 ἀθανάτων,
937 2036 1103 2122 μηδὲ
1147 2040 1394 2125 βροτὸν
1439 2041 1654 2123 ἄνδρα
1698 2035 2026 2103 τελέσσαι·

133 2147 251 2205 νῦν
298 2140 361 2207 δ’
416 2138 458 2226 ἦ
501 2165 607 2209 τοι
652 2139 775 2227 μὲν
822 2143 947 2226 ἐγὼ
994 2142 1407 2230 θωρήξομαι·
1455 2143 1620 2209 ἀλλὰ
1664 2139 1815 2228 μάλ’
1870 2145 2071 2221 αἰνῶς

138 2244 351 2334 δείδω,
399 2251 490 2333 μή
534 2272 648 2333 μοι
692 2252 910 2335 τόφρα
954 2253 1324 2315 Μενοιτίου
1371 2251 1648 2333 ἄλκιμον
1691 2250 1844 2314 υίὸν

137 2364 314 2431 μυῖαι
363 2356 692 2421 καδδῦσαι
738 2355 901 2420 κατὰ
944 2355 1396 2439 χαλκοτύπους
1441 2355 1707 2431 ὠτειλὰς
2075 2373 2142 2422 25

139 2456 323 2538 εὐλὰς
373 2462 828 2545 ἐγγείνωνται,
873 2459 1252 2526 ἀεικίσσωσι
1299 2457 1373 2526 δὲ
1416 2464 1678 2547 νεκρόν
1703 2497 1781 2507 -

137 2559 198 2626 ἐκ
241 2561 305 2630 δ’
363 2568 530 2632 αἰὼν
573 2566 859 2652 πέφαται
907 2603 992 2614 -
1037 2568 1199 2632 κατὰ
1255 2563 1330 2632 δὲ
1383 2570 1547 2653 χρόα
1601 2567 1812 2633 πάντα
1859 2568 2141 2653 σαπήῃ.“

213 2673 331 2738 τὸν
380 2670 443 2738 δ’
495 2666 783 2758 ἠμείβετ’
834 2674 1055 2738 ἔπειτα
1099 2673 1256 2755 θεά,
1308 2672 1497 2750 Θέτις
1540 2673 1979 2760 ἀργυρόπεζα·

74 2772 78 2779 ’
138 2774 429 2862 ,,τέκνον,
476 2780 565 2862 μή
611 2800 716 2843 τοι
758 2786 963 2844 ταῦτα
1008 2781 1168 2862 μετὰ
1212 2777 1412 2865 φρεσὶ
1458 2788 1609 2864 σῇσι
1655 2781 2008 2863 μελόντων.

137 2888 216 2964 τῷ
262 2881 383 2966 μὲν
430 2883 558 2967 ἐγὼ
603 2886 892 2970 πειρήσω
941 2883 1302 2969 ἀλαλκέμεν
1348 2885 1544 2970 ἄγρια
1591 2891 1799 2969 φῦλα,
2069 2903 2137 2951 30

139 2992 341 3073 μυίας,
390 2990 465 3054 αἵ
504 2988 589 3074 ῥά
632 3013 703 3056 τε
749 3002 973 3074 φῶτας
1018 2990 1426 3076 ἀρηιφάτους
1470 2980 1889 3056 κατέδουσιν·

142 3091 216 3172 ἤν
257 3118 380 3182 περ
426 3097 554 3182 γὰρ
599 3099 797 3180 κῆταί
833 3121 910 3180 γε
952 3099 1359 3182 τελεσφόρον
1406 3097 1500 3172 εἰς
1543 3095 1879 3180 ἐνιαυτόν,

144 3199 263 3264 αἰεὶ
296 3199 464 3289 ’τῷδ’
517 3204 701 3268 ἔσται
745 3203 919 3288 χρὼς
963 3203 1242 3286 ἔμπεδος
1284 3200 1326 3285 ἢ
1371 3199 1480 3267 καὶ
1526 3202 1784 3288 ἀρείων.

145 3300 294 3371 ἀλλὰ
338 3309 421 3373 σύ
462 3303 530 3391 ,γ’
581 3311 674 3385 εἰς
720 3308 973 3393 ἀγορὴν
1015 3306 1294 3383 καλέσας
1338 3307 1560 3390 ἥρωας
1596 3302 1922 3392 Ἀχαιούς,

143 3418 327 3493 μῆνιν
371 3414 705 3480 ἀποειπὼν
745 3412 1182 3499 Ἀγαμέμνονι
1225 3411 1490 3497 ποιμένι
1535 3418 1714 3478 λαῶν
2075 3426 2140 3476 35

148 3510 294 3594 αἶψα
338 3518 490 3607 μάλ’
544 3521 610 3597 ἐς
653 3524 944 3604 πόλεμον
988 3522 1373 3604 θωρήσσεο,
1422 3518 1621 3582 δύσεο
1670 3511 1734 3578 δ’
1788 3515 2055 3594 ἀλκήν.“
