2525 3884
264 278 281 296 .
319 224 449 290 154
1115 225 1418 278 1A1AA05'..
1453 225 1515 278 T.

320 366 468 436 ἀλλ’
515 374 620 434 ίθι
664 369 735 434 οί
771 366 1009 453 νέκταρ
1052 390 1124 434 τε
1166 365 1280 433 καὶ
1323 366 1694 453 ἀμβροσίην
1737 365 2079 453 ἐρατεινὴν

326 474 573 553 στάξον
619 471 722 539 ένὶ
767 469 1103 558 στήθεσσ’,
1149 474 1262 539 ἵνα
1306 476 1395 558 μή
1440 497 1555 558 μιν
1598 473 1787 558 λιμὸς
1829 471 2107 557 ἵκηται.“

408 576 498 658 ὧς
541 580 746 646 εἰπὼν
788 581 1043 666 ὤτρυνε
1085 580 1297 664 πάρος
1341 589 1669 665 μεμαυῖαν
1705 576 2027 664 Ἀθήνην·

319 686 362 770 ἡ
409 684 471 752 δ’
513 687 689 773 ἅρπῃ
736 686 950 752 ἐικυῖα
991 684 1436 772 τανυπτέρυγι
1479 687 1839 774 λιγυφώνῳ
2234 699 2332 750 850

322 794 619 880 οὐρανοῦ
665 790 1094 859 ἐκκατέπαλτο
1141 786 1232 858 δι’
1273 789 1565 878 αὖθέρος.
1656 792 1865 879 αὐτὰρ
1903 789 2152 877 ’Λχαιοὶ

323 899 561 966 αὐτίκα
603 902 1040 984 θωρήσσοντο
1086 899 1250 964 κατὰ
1296 901 1607 982 στρατόν·
1650 898 1692 984 ἡ
1730 894 1796 964 δ’
1822 893 2071 983 Ἀχιλῆι

326 1005 566 1092 νέκταρ
613 1002 714 1071 ἐνὶ
759 1007 1078 1088 στήθεσσι
1120 1002 1234 1072 καὶ
1277 1004 1651 1091 ἀμβροσίην
1696 1004 2037 1089 ἐρατεινὴν

327 1108 533 1195 στάξ’,
581 1110 693 1177 ἵνα
737 1113 827 1194 μή
873 1135 988 1195 μιν
1032 1112 1221 1196 λιμὸς
1265 1110 1546 1197 ἀτερπὴς
1572 1109 1875 1195 ,γούναθ’
1917 1110 2165 1194 ἵκηται,

329 1218 493 1301 αὐτὴ
542 1213 617 1282 δὲ
659 1218 827 1300 πρὸς
869 1218 1117 1303 πατρὸς
1161 1215 1543 1303 ἐρισθενέος
1584 1218 1868 1283 πυκινὸν
1914 1218 2011 1281 δῶ
2236 1228 2333 1280 3⁶5

325 1323 551 1412 ᾤχετο.
638 1321 744 1388 τοὶ
789 1317 852 1388 δ’
893 1323 1231 1390 ἀπάνευθε
1275 1334 1449 1389 νεῶν
1494 1322 1758 1409 ἐχέοντο
1801 1323 2057 1389 θοάων.

326 1430 418 1507 ὡς
463 1424 528 1494 δ’
567 1429 675 1495 ὅτε
718 1427 1026 1514 ταρφειαὶ
1069 1428 1349 1514 νιφάδες
1391 1430 1564 1507 Διὸς
1604 1425 2023 1496 ἐκποτέονται

332 1537 614 1620 ψυχραί,
657 1533 784 1617 ὑπὸ
829 1533 1024 1620 ῥιπῆς
1069 1532 1506 1620 αἰθρηγενέος
1548 1534 1836 1621 Βορέαο,

329 1636 418 1717 ὧς
461 1642 608 1706 τότε
650 1638 961 1724 ταρφειαὶ
1003 1643 1294 1726 κόρυθες
1337 1642 1641 1727 λαμπρὸν
1676 1643 2013 1725 γανόωσαι

328 1756 513 1830 νηῶν
557 1746 957 1832 ἐκφορέοντο
1001 1745 1114 1812 καὶ
1158 1747 1430 1825 ἀσπίδες
1474 1748 1925 1832 ὀμφαλόεσσαι
2234 1761 2335 1811 360

329 1850 632 1938 θώρηκές
672 1875 744 1918 τε
787 1854 1256 1939 κραταιγύαλοι
1300 1851 1411 1919 καὶ
1455 1857 1714 1939 μείλινα
1759 1855 1987 1938 δοῦρα.

330 1963 525 2042 αἴγλη
573 1956 636 2024 δ’
682 1958 975 2044 οὐρανὸν
1020 1951 1147 2043 ἷκε,
1193 1959 1472 2044 γέλασσε
1518 1956 1593 2025 δὲ
1636 1968 1813 2025 πᾶσα
1855 1957 2006 2044 περὶ
2052 1958 2238 2044 χθὼν

330 2070 579 2150 χαλκοῦ
627 2064 757 2130 ὑπὸ
813 2072 1159 2149 στεροπῆς·
1214 2065 1344 2130 ὑπὸ
1391 2062 1466 2131 δὲ
1509 2067 1754 2141 κτύπος
1797 2065 2058 2150 ὤρνυτο
2101 2061 2339 2130 ποσσὶν

333 2171 630 2256 ἀνδρῶν·
679 2168 753 2236 ἐν
799 2167 875 2235 δὲ
920 2169 1178 2254 μέσοισι
1219 2171 1582 2256 κορύσσετο
1631 2172 1774 2246 δῖος
1810 2167 2156 2255 Ἀχιλλεύς.

335 2279 483 2358 [τοῦ
526 2273 637 2341 καὶ
673 2274 971 2342 ὀδόντων
1016 2273 1138 2360 μὲν
1172 2277 1423 2360 καναχὴ
1459 2274 1643 2359 πέλε,
1689 2277 1781 2341 τὼ
1817 2274 1897 2341 δέ
1937 2276 2009 2340 οἶ
2046 2277 2200 2340 ὄσσε
2236 2289 2336 2341 365

331 2378 725 2465 λαμπέσθην
770 2381 859 2457 ὡς
903 2387 972 2446 εἴ
1007 2404 1077 2447 τε
1119 2383 1331 2466 πυρὸς
1376 2380 1598 2463 σέλας,
1644 2380 1717 2448 ἐν
1763 2379 1844 2448 δέ
1884 2381 1955 2446 οί
1991 2377 2153 2466 ἦτορ

335 2481 484 2551 δῦν’
527 2488 685 2571 ἄχος
730 2487 1038 2569 ἄτλητον·
1085 2486 1122 2553 ὁ
1169 2486 1231 2552 δ’
1276 2489 1405 2572 ἄρα
1456 2485 1718 2571 Τρωσὶν
1762 2490 2129 2574 μενεαίνων

336 2593 572 2657 δύσετο
621 2592 802 2674 δῶρα
846 2597 1047 2674 θεοῦ,
1091 2591 1173 2656 τά
1218 2593 1291 2657 ol*
1311 2590 1682 2677 ’Ἠφαιστος
1724 2594 1889 2677 κάμε
1934 2593 2229 2679 τεύχων.]

328 2698 657 2782 κνημῖδας
701 2694 823 2780 μὲν
866 2706 1094 2780 πρῶτα
1137 2695 1289 2782 περὶ
1333 2701 1663 2783 κνήμῃσιν
1705 2700 1949 2781 ἔθηκεν

335 2803 569 2885 καλάς,
616 2801 1043 2888 ἀργυρέοισιν
1087 2801 1507 2889 ἐπισφυρίοις
1552 2803 1901 2888 ἀραρυίας·
2238 2819 2335 2870 370

336 2909 651 2994 δεύτερον
697 2902 783 2973 αὖ
825 2907 1102 2994 θώρηκα
1145 2905 1297 2990 περὶ
1343 2911 1702 2992 στήθεσσιν
1745 2910 2001 2975 ἔδυνεν.

336 3013 509 3100 ἀμφὶ
555 3012 616 3078 δ’
662 3008 767 3098 ἄρ’
808 3014 1088 3099 ὤμοισιν
1116 3015 1369 3098 ’βάλετο
1417 3014 1608 3099 ξίφος
1651 3014 2068 3100 ἀργυρόηλον

337 3121 645 3206 χάλκεον·
691 3118 899 3205 αὐτὰρ
944 3121 1164 3185 ἔπειτα
1210 3119 1411 3196 σάκος
1455 3117 1622 3204 μέγα
1665 3143 1736 3185 τε
1782 3122 2097 3205 στιβαρόν
2139 3142 2209 3185 τε

338 3227 580 3310 εἵλετο,
624 3234 747 3291 τοῦ
792 3222 854 3290 δ’
897 3225 1236 3292 ἀπάνευθε
1282 3224 1475 3304 σέλας
1517 3224 1726 3310 γένετ’
1769 3226 1924 3310 ἠύτε
1970 3229 2192 3310 μήνης.

340 3334 431 3412 ὡς
478 3329 539 3398 δ’
584 3326 678 3398 ὅτ’
722 3331 806 3396 ἂν
852 3331 924 3398 ἐκ
967 3334 1239 3398 πόντοιο
1288 3329 1481 3409 σέλας
1523 3332 1805 3418 ναύτῃσι
1850 3335 2073 3418 φανήῃ
2239 3344 2329 3398 8⁷⁶

340 3437 720 3524 καιομένοιο
765 3440 1000 3523 πυρός·
1044 3438 1118 3503 τὸ
1167 3436 1242 3503 δὲ
1287 3438 1538 3502 καίεται
1582 3436 1787 3515 ὑψόθ’
1833 3440 2113 3525 ὄρεσφιν

344 3552 618 3635 σταθμῷ
664 3544 737 3611 έν
787 3546 1102 3632 οἰοπόλῳ·
1147 3544 1303 3619 τοὺς
1348 3537 1414 3608 δ’
1456 3542 1578 3608 οὐκ
1622 3542 1976 3622 ἐθέλοντας
2021 3546 2241 3611 ἄελλαι
