2525 3884
997 209 1301 263 muoz
1335 211 1509 264 xm
2130 209 2261 275 203

238 356 328 418 τό
374 354 449 418 οί
482 353 613 420 ὑπὸ
658 351 962 438 λαπάρην
992 349 1230 418 τέτατο
1277 351 1443 437 μέγα
1484 375 1557 419 τε
1599 355 1916 439 στιβαρόν
1956 375 2057 438 τε,

228 464 530 543 οἴμησεν
576 454 650 525 δὲ
695 454 871 534 ἀλεὶς
915 458 1004 534 ὥς
1046 454 1107 523 τ’
1157 459 1373 535 αἰετὸς
1415 457 1819 542 ὑψιπετήεις,

238 565 324 641 ὅς
365 560 428 628 τ’
477 559 649 630 εἶσιν
691 563 1003 630 πεδίονδε
1048 563 1160 630 διὰ
1202 560 1465 648 νεφέων
1508 562 1872 650 ἐρεβεννῶν

238 670 558 757 ἁρπάξων
599 669 643 754 ἢ
688 663 838 753 ἄρν’
888 667 1147 753 ἀμαλὴν
1189 668 1232 752 ἢ
1276 679 1503 734 πτῶκα
1544 671 1837 752 λαγωόν·
2157 683 2261 734 810
2385 688 2397 721 ⁸

237 770 339 854 ὦς
368 773 619 859 Ἕκτωρ
667 779 899 858 οἴμησε
940 774 1274 839 τινάσσων
1318 774 1668 858 φάσγανον
1712 772 1847 853 ὀξύ.

238 882 531 968 ὡρμήθη
578 875 639 946 δ’
684 877 1002 964 Ἀχιλεύς,
1047 878 1283 965 μένεος
1327 876 1390 946 δ’
1441 879 1814 965 ἐμπλήσατο
1858 880 2086 965 θυμὸν

236 987 517 1072 ἀγρίου,
561 987 860 1071 πρόσθεν
906 982 981 1051 δὲ
1026 985 1226 1062 σάκος
1270 983 1573 1069 στέρνοιο
1607 987 1905 1066 κάλυψεν

240 1094 454 1159 καλὸν
500 1091 873 1174 δαιδάλεον,
909 1093 1155 1175 κόρυθι
1201 1086 1264 1157 δ’
1316 1090 1583 1158 ἐπένευε
1627 1100 1869 1178 φαεινῇ

230 1197 659 1284 τετραφάλῳ·
703 1194 899 1262 καλαὶ
945 1192 1021 1262 δὲ
1063 1201 1519 1278 περισσείοντο
1566 1199 1824 1283 ἔθειραι
2155 1213 2259 1264 815

243 1305 542 1391 χρύσεαι,
584 1301 663 1379 ἃς
689 1300 1057 1387 Ἥφαιστος
1093 1304 1178 1369 ἵει
1222 1306 1439 1387 λόφον
1485 1301 1655 1388 ἀμφὶ
1697 1304 1995 1388 θαμειάς.

234 1403 393 1487 οἶος
435 1405 497 1475 δ’
547 1408 751 1495 ἀστὴρ
797 1403 925 1474 εἶσι
968 1404 1107 1493 μετ’
1160 1409 1438 1495 ἀστράσι
1478 1409 1719 1485 νυκτὸς
1761 1408 2024 1497 ἀμολγῷ

242 1515 543 1602 ἕσπερος,
588 1513 663 1591 ὃς
705 1513 1048 1592 κάλλιστος
1091 1513 1167 1580 ἐν
1210 1514 1475 1604 οὐρανῷ
1524 1512 1780 1579 ἵσταται
1823 1513 2027 1599 ἀστήρ
2043 1563 2061 1598 ,

232 1616 342 1698 ὧς
383 1622 615 1706 αἰχμῆς
657 1617 978 1704 ἀπέλαμπ’
1031 1619 1328 1704 ἐυήκεος,
1371 1620 1459 1705 ἣν
1502 1614 1614 1707 ἄρ’
1659 1617 1988 1706 Ἀχιλλεὺς

238 1727 494 1796 πάλλεν
539 1724 830 1812 δεξιτερῇ
877 1724 1184 1813 φρονέων
1226 1727 1433 1792 κακὸν
1463 1724 1730 1814 Ἕκτορι
1775 1728 1895 1816 δίφ
1911 1775 1932 1811 ,
2157 1743 2260 1794 820

245 1833 570 1917 εἰσορόων
616 1834 779 1918 χρόα
822 1834 1049 1914 καλόν,
1096 1823 1224 1917 ὅπῃ
1270 1830 1461 1911 εἴξειε
1505 1833 1801 1917 μάλιστα.

234 1945 372 2004 τοῦ
415 1934 488 2003 δὲ
533 1935 642 2004 καὶ
685 1938 846 2003 ἄλλο
889 1939 1092 2003 τόσον
1136 1933 1258 2022 μὲν
1304 1940 1410 2022 ἔχε
1453 1939 1619 2022 χρόα
1663 1938 1902 2022 χάλκεα
1935 1939 2197 2023 τεύχεα,

243 2044 445 2127 καλά,
489 2044 572 2109 τὰ
617 2045 1030 2129 Πατρόκλοιο
1075 2045 1233 2127 βίην
1279 2041 1533 2128 ἐνάριξε
1577 2044 1924 2125 κατακτάς,

242 2152 526 2235 φαίνετο
571 2144 661 2231 δ’,
706 2139 751 2234 ᾖ
793 2150 1056 2231 κληῖδες
1100 2143 1213 2214 ἀπ’
1265 2148 1465 2233 ὤμων
1511 2142 1734 2232 αὐχέν’
1786 2151 2082 2234 ἔχουσιν,

247 2256 637 2337 λαυκανίην,
684 2254 795 2319 ἵνα
837 2278 910 2320 τε
952 2263 1166 2340 ψυχῆς
1211 2254 1487 2330 ὤκιστος
1531 2255 1838 2339 ὄλεθρος·
2156 2272 2259 2322 325

244 2369 329 2447 τῇ
373 2356 438 2447 ῥ’
489 2357 595 2426 ἐπὶ
639 2352 710 2427 οἷ
748 2358 1030 2446 μεμαῶτ’
1083 2356 1261 2426 ἔλασ’
1314 2362 1491 2444 ἔγχει·
1533 2360 1676 2436 δῖος
1714 2355 2071 2444 Ἀχιλλεύς,

238 2466 561 2551 ἀντικρὺς
597 2462 660 2531 δ’
711 2464 988 2533 ἁπαλοῖο
1025 2461 1118 2532 δι’
1169 2464 1445 2550 αὐχένος
1487 2462 1687 2550 ἤλυθ’
1741 2466 1977 2551 ἀκωκή.

254 2568 400 2638 οὐδ’
460 2566 567 2656 ἄρ’
617 2567 732 2637 ἀπ’
783 2571 1173 2658 ἀσφάραγον
1218 2574 1407 2656 μελίη
1451 2572 1613 2657 τάμε
1655 2574 2118 2659 χαλκοβάρεια,

248 2679 432 2768 ὄφρα
474 2680 545 2741 τί
583 2700 698 2761 μιν
741 2679 1107 2763 προτιείποι
1152 2677 1586 2762 ἀμειβόμενος
1629 2677 1941 2744 ἐπέεσσιν.

236 2785 444 2867 ἤριπε
482 2777 544 2847 δ’
594 2781 669 2848 ἐν
713 2784 965 2868 κονίῃς·
1018 2782 1055 2854 ὁ
1092 2777 1156 2847 δ’
1206 2781 1519 2861 ἐπεύξατο
1568 2784 1711 2860 δῖος
1749 2779 2103 2867 Ἀχιλλεύς·
2158 2800 2262 2849 330

124 2940 131 2945 ,
252 2886 540 2974 ,ζἘκτορ,
586 2887 748 2973 ἀτάρ
792 2908 925 2953 που
968 2889 1133 2972 ἔφης
1177 2886 1551 2972 Πατροκλῆ’
1604 2888 1991 2974 ἐξεναρίζων

236 3003 385 3070 σῶς
420 2986 714 3077 ἔσσεσθ’,
762 2988 874 3077 ἐμὲ
919 2986 983 3058 δ’
1036 2990 1235 3059 οὐδὲν
1282 2993 1499 3073 ὀπίζεο
1544 2995 1791 3077 νόσφιν
1837 2993 2058 3077 ἐόντα,

248 3101 470 3183 νήπιε·
513 3108 656 3164 τοῖο
703 3093 768 3163 δ’
817 3099 1109 3164 ἄνευθεν
1154 3097 1487 3183 ἀοσσητὴρ
1534 3093 1677 3183 μέγ’
1728 3099 2018 3184 ἀμείνων

246 3202 496 3288 νηυσὶν
542 3206 647 3270 ἔπι
690 3207 1111 3288 γλαφυρῇσιν
1156 3202 1285 3288 ἐγὼ
1330 3206 1687 3288 μετόπισθε
1732 3208 2112 3290 λελείμμην,

238 3309 328 3387 ’ὅς
369 3332 476 3376 τοι
518 3303 787 3392 γούνατ’
838 3313 1056 3376 ἔλυσα.
1129 3305 1206 3375 σὲ
1251 3304 1374 3393 μὲν
1411 3309 1613 3387 ’κύνες
1654 3305 1763 3394 ηδ’
1816 3308 2044 3376 οἰωνοὶ
2160 3326 2263 3375 335

239 3411 598 3498 ἑλκήσουσ’
651 3414 879 3498 ἀικῶς,
923 3417 1044 3481 τὸν
1092 3411 1166 3482 δὲ
1204 3424 1586 3500 κτεριοῦσιν
1624 3412 1931 3501 Ἀχαιοί.“
2505 3446 2508 3539 1

340 3521 459 3586 τὸν
505 3516 569 3586 δ’
623 3519 1110 3606 ὀλιγοδρανέων
1155 3519 1459 3605 προσέφη
1506 3523 1952 3605 κορυθαίολος
1984 3517 2265 3598 ”“Ἐκτωρ·
2505 3542 2506 3545 ’

232 3848 367 3853 Π-.,
442 3828 515 3853 ⁷1
