2525 3884
336 227 463 290 172
1129 230 1435 283 ωΑΔοΣ
1472 230 1539 285 Τ.

328 369 579 455 μέσσην
625 372 747 437 κάκ
792 373 1090 458 κεφαλὴν
1137 371 1312 458 ξίφει
1354 374 1558 458 ἤλασε
1600 376 1952 457 κωπήεντι,
2243 392 2363 442 475

325 485 458 541 πᾶν
505 473 567 542 δ’
610 477 1090 563 ὑπεθερμάνθη
1140 477 1330 564 ξίφος
1374 479 1622 564 αἵματι·
1667 480 1786 545 τὸν
1835 476 1908 545 δὲ
1950 477 2091 545 κατ’
2138 483 2313 547 ὄσσε

327 586 559 667 ἔλλαβε
602 585 983 670 πορφύρεος
1025 584 1322 662 θάνατος
1363 582 1476 650 καὶ
1519 595 1717 671 μοῖρα
1760 588 2053 671 κραταιή.

324 693 761 755 Δευκαλίωνα
808 684 870 756 δ’
913 688 1154 774 ἔπειθ’,
1200 690 1312 756 ἵνα
1355 713 1425 756 τε
1472 688 1820 775 ξυνέχουσι
1861 688 2163 770 τένοντες

326 793 649 880 ἀγκῶνος,
694 805 774 882 τῇ
818 799 940 862 τόν
974 820 1051 880 γε
1097 800 1301 882 φίλης
1346 797 1457 861 διὰ
1499 798 1718 882 χειρὸς
1763 799 2021 883 ἔπειρεν

327 903 524 987 αἰχμῇ
568 907 864 988 χαλκείῃ·
909 900 947 968 6
995 900 1074 967 δέ
1113 926 1228 986 μιν
1276 902 1431 987 μένε
1475 913 1661 988 χεῖρα
1705 906 2098 989 βαρυνθείς,
2237 921 2358 972 480

324 1003 570 1093 πρόσθ’
605 1007 822 1093 ὁρόων
865 1008 1187 1074 θάνατον.
1262 1008 1297 1074 6
1338 1005 1411 1074 δὲ
1457 1008 1775 1097 φασγάνῳ
1822 1007 2069 1094 αὐχένα
2102 1014 2359 1090 θείνας

324 1110 464 1196 τῆλ’
508 1112 674 1199 αὐτῇ
719 1115 960 1197 πήληκι
1003 1115 1172 1200 κάρη
1220 1114 1408 1198 βάλε·
1453 1115 1692 1199 μυελὸς
1738 1109 1894 1181 αὖτε

326 1221 757 1303 σφονδυλίων
804 1217 1116 1303 ἔκπαλθ’,
1165 1218 1202 1285 6
1241 1215 1305 1286 δ’
1348 1218 1451 1285 ἐπὶ
1491 1218 1697 1305 χθονὶ
1740 1231 1915 1287 κεῖτο
1961 1226 2354 1300 τανυσθείς.

327 1325 534 1407 αὐτὰρ
581 1324 619 1392 6
663 1329 748 1410 βῆ
796 1322 859 1411 ῤ’
904 1324 1074 1392 ἰέναι
1121 1322 1258 1411 μετ’
1305 1326 1611 1411 ἀμύμονα
1655 1330 1913 1413 Πείρεω
1958 1328 2112 1393 υίὸν

318 1427 612 1516 Ῥίγμον,
661 1432 735 1509 ὃς
779 1432 852 1498 ἐκ
896 1429 1159 1518 Θρῄκης
1204 1431 1606 1518 ἐριβώλακος
1650 1434 2095 1516 είληλούθειν·
2239 1451 2352 1501 485

324 1538 444 1603 τὸν
487 1538 646 1621 βάλε
692 1537 938 1622 μέσσον
983 1539 1212 1603 ἄκοντι
1221 1586 1242 1621 ,
1288 1539 1463 1621 πάγη
1512 1535 1573 1603 δ’
1617 1538 1691 1604 ἐν
1736 1540 1937 1622 νηδύι
1980 1541 2255 1624 χαλκός,

324 1643 519 1728 ἤριπε
565 1641 626 1709 δ’
670 1643 738 1721 ἐξ
783 1641 1011 1728 ὀχέων.
1101 1642 1139 1710 6
1180 1638 1242 1709 δ’
1291 1640 1651 1730 Ἀρηίθοον
1694 1645 2106 1731 θεράποντα,

236 1761 240 1765 “
326 1746 420 1826 ἂψ
465 1748 706 1826 ἵππους
751 1747 1154 1834 στρέψαντα,
1199 1749 1616 1836 μετάφρενον
1661 1749 1795 1830 ὀξέι
1843 1749 2040 1837 δουρὶ

325 1850 497 1936 νύξ’,
543 1854 670 1920 ἀπὸ
719 1849 781 1920 δ’
822 1855 1112 1940 ἅρματος
1156 1850 1315 1921 ὦσε·
1359 1857 1751 1940 κυκήθησαν
1796 1856 1877 1923 δέ
1918 1859 1989 1922 οἰ
2028 1858 2235 1924 ἵπποι.

416 1960 505 2038 ὡς
549 1957 611 2026 δ’
655 1959 1048 2046 ἀναμαιμάει
1092 1956 1287 2044 βαθέ’
1330 1962 1530 2044 άγκεα
1572 1959 1930 2040 θεσπιδαὲς
1973 1972 2105 2050 πῦρ
2234 1981 2345 2030 490

330 2066 561 2153 οὔρεος
607 2066 935 2149 ἀζαλέοιο,
982 2069 1226 2150 βαθεῖα
1275 2064 1349 2133 δὲ
1392 2071 1644 2134 καίεται
1686 2069 1843 2152 ὕλη,

328 2173 540 2259 πάντῃ
585 2195 655 2239 τε
698 2171 993 2239 κλονέων
1038 2174 1280 2257 άνεμος
1325 2175 1544 2258 φλόγα
1590 2176 1951 2260 εἰλυφάζει,

331 2272 420 2354 ὦς
463 2279 501 2342 ὅ
545 2302 621 2361 γε
665 2280 876 2365 πάντῃ
922 2285 1094 2344 θῦνε
1142 2281 1271 2344 σὺν
1316 2281 1495 2363 ἔγχει·
1536 2280 1803 2364 δαίμονι
1849 2276 1991 2358 ἶσος

328 2382 790 2468 κτεινομένους
835 2382 1124 2468 ἐφέπων·
1174 2383 1281 2470 ῥέε
1329 2381 1391 2448 δ’
1435 2385 1659 2469 αἵματι
1702 2397 1858 2469 γαῖα
1902 2385 2197 2471 μέλαινα.

330 2487 418 2564 ὡς
464 2482 526 2552 δ’
568 2488 676 2554 ὅτε
709 2512 809 2565 τις
855 2488 1041 2575 ζεύξῃ
1087 2493 1249 2574 βόας
1294 2492 1578 2576 ἄρσενας
1624 2490 2126 2577 εὐρυμετώπους
2234 2510 2341 2560 495

327 2591 706 2679 τριβέμεναι
747 2605 864 2679 κρῖ
901 2596 1144 2660 λευκὸν
1189 2595 1534 2682 ἐυκτιμένῃ
1581 2596 1655 2662 ἐν
1704 2597 1913 2683 ἀλωῇ,

331 2699 542 2786 ῥίμφα
585 2723 656 2765 τε
700 2695 877 2766 λέπτ’
918 2699 1228 2784 ἐγένοντο
1275 2708 1454 2785 βοῶν
1496 2702 1626 2768 ὑπὸ
1671 2700 1864 2768 πόσσ’
1909 2702 2266 2790 ἐριμύκων,

331 2800 419 2883 ὧς
462 2802 573 2871 ὑπ’
619 2800 954 2891 Ἀχιλλῆος
989 2806 1385 2891 μεγαθύμου
1431 2808 1725 2892 μώνυχες
1769 2808 1956 2874 ἵπποι

330 2914 594 2995 στεῖβον
649 2912 817 2997 ὁμοῦ
871 2911 1110 2989 νέκυάς
1160 2934 1232 2977 τε
1275 2910 1386 2978 καὶ
1432 2913 1737 2990 ἀσπίδας·
1791 2913 2011 2998 αἵματι
2057 2911 2119 2981 δ’
2164 2916 2336 2995 ἄξων

329 3019 575 3099 νέρθεν
605 3018 772 3094 ἅπας
798 3019 1169 3085 πεπάλακτο
1196 3016 1308 3084 καὶ
1336 3020 1611 3102 ἄντυγες
1638 3020 1712 3084 αἰ
1749 3018 1899 3105 περὶ
1928 3021 2207 3106 δίφρον,
2235 3040 2334 3090 500

329 3121 406 3200 ἃς
450 3120 554 3209 ἄρ’
600 3121 716 3208 ἀφ’
763 3126 1041 3190 ἱππείων
1087 3123 1345 3191 ὁπλέων
1392 3124 1799 3211 ῥαθάμιγγες
1843 3128 2123 3209 ἔβαλλον

330 3230 404 3294 αἵ
442 3226 498 3294 τ’
544 3227 653 3295 ἀπ’
698 3229 1140 3317 ἐπισσώτρων.
1232 3231 1268 3297 6
1317 3227 1391 3296 δὲ
1436 3231 1570 3297 ἵετο
1613 3233 1818 3308 κῦδος
1863 3229 2145 3318 ἀρέσθαι

330 3337 692 3421 Πηλεΐδης,
738 3337 971 3426 λύθρφ
1020 3335 1095 3403 δὲ
1141 3337 1507 3403 παλάσσετο
1553 3349 1775 3424 χεῖρας
1819 3337 2122 3416 ἀάπτους.
