2525 3884
215 223 303 288 92
672 190 681 195 ’
1004 224 1309 277 mmor.
1345 223 1418 277 11.

215 367 318 448 [ὅς
358 389 429 431 τε
472 364 580 433 καὶ
628 368 905 452 ἄλκιμον
951 368 1168 452 ἄνδρα
1214 369 1419 450 φοβεῖ
1455 363 1566 431 καὶ
1609 365 1916 453 ἀφείλετο
1960 351 2212 452 νίκην,’

214 470 516 556 ῥηιδίως,
563 469 675 538 ὁτὲ
720 470 784 538 δ’
828 473 1027 550 αὐτὸς
1072 472 1420 558 ἐποτρύνει
1463 471 1930 557 μαχέσασθαιἹ
2120 488 2237 540 690
2292 480 2305 491 ’
2346 547 2354 553 ,

216 577 289 654 ὅς
334 578 406 643 οἰ
443 575 554 643 καὶ
597 581 743 645 τότε
786 580 1014 664 θυμὸν
1060 576 1162 645 ἐνὶ
1206 581 1570 662 στήθεσσιν
1613 577 1873 663 ἀνῆκεν.

304 684 476 748 ἔνθα
518 687 669 749 τίνα
712 695 1009 771 πρῶτον,
1052 687 1204 750 τίνα
1249 681 1313 751 δ’
1355 684 1643 749 ὕστατον
1686 682 2088 769 ἐξενάριξας,

216 792 654 875 Πατρόκλεις,
701 790 810 857 ὅτε
855 792 940 874 δή
986 805 1060 854 σε
1105 787 1257 856 θεοὶ
1302 790 1680 856 θανατόνδε
1722 790 2079 869 κάλεσσαν;

206 891 574 981 Ἄδρηστον
620 892 740 980 μὲν
783 906 1009 981 πρῶτα
1051 893 1164 962 καὶ
1208 895 1558 962 Αὐτόνοον
1602 893 1712 961 καὶ
1736 892 2055 981 Ἔχεκλον

215 997 327 1065 καὶ
364 999 663 1086 Πέριμον
698 1002 1024 1085 Μεγάδην
1067 1000 1180 1067 καὶ
1217 996 1566 1088 Ἐπίστορα
1600 998 1713 1067 καὶ
1754 1001 2237 1085 Μελάνιππον,

219 1105 427 1192 αὐτὰρ
465 1102 669 1197 1ἔπειτ’
701 1106 993 1174 Ἔλασον
1037 1104 1151 1173 καὶ
1191 1108 1507 1174 Μούλιον
1550 1103 1671 1191 ἠδὲ
1715 1108 2102 1194 Πυλάρτην·
2122 1124 2238 1174 696

216 1214 375 1290 τοὺς
419 1212 596 1297 ἕλεν,
643 1212 714 1278 οἰ
755 1206 822 1276 δ’
864 1213 1055 1279 ἄλλοι
1099 1213 1360 1298 φύγαδε
1404 1213 1708 1298 μνώοντο
1754 1211 2039 1290 ἕκαστος.

309 1320 479 1384 ἔνθα
520 1342 637 1385 κεν
680 1317 1018 1398 ὑψίπυλον
1069 1321 1319 1405 Τροίην
1364 1318 1519 1385 ἕλον
1563 1310 1704 1397 υἷες
1739 1315 2018 1405 Ἀχαιῶν

221 1427 614 1510 Πατρόκλου
658 1423 788 1489 ὑπὸ
833 1425 1055 1510 χερσί·
1097 1425 1377 1511 περιπρὸ
1421 1425 1550 1510 γὰρ
1596 1426 1775 1509 ἔγχει·
1802 1429 2001 1489 θῦεν·

221 1531 285 1595 εί
325 1530 413 1614 μὴ
452 1526 789 1596 Ἀπόλλων
840 1531 1088 1612 Φοῖβος
1132 1528 1461 1615 έυδμήτου
1507 1526 1615 1595 ἐπὶ
1656 1529 1918 1615 πύργου
2122 1547 2241 1597 ’100

223 1636 408 1718 ἔστη,
452 1644 543 1723 τῷ
590 1635 751 1701 ὀλοὰ
796 1631 1136 1720 φρονέων,
1191 1635 1488 1720 Τρώεσσι
1533 1631 1595 1701 δ’
1637 1635 1923 1721 ἀρήγων.

220 1738 365 1827 τρὶς
408 1737 532 1825 μὲν
576 1735 679 1806 ἐπ’
723 1739 1020 1824 ἀγκῶνος
1062 1743 1147 1824 βῆ
1191 1742 1438 1825 τείχεος
1482 1740 1766 1825 ὑψηλοῖο

224 1847 637 1933 Πάτροκλος,
681 1843 826 1932 τρὶς
869 1840 933 1911 δ’
975 1845 1182 1911 αὐτὸν
1227 1844 1740 1931 ἀπεστυφέλιξεν
1776 1843 2138 1932 Ἀπόλλων,

221 1948 504 2039 χείρεσσ’
547 1950 922 2037 ἀθανάτῃσι
966 1952 1250 2036 φαεινὴν
1295 1952 1542 2019 ἀσπίδα
1583 1953 1871 2019 νύσσων.

224 2055 366 2124 ἀλλ’
409 2058 516 2124 ὅτε
563 2059 647 2143 δὴ
691 2059 765 2125 τὸ
810 2057 1123 2145 τέταρτον
1168 2056 1487 2124 ἐπέσσυτο
1533 2059 1802 2144 δαίμονι
1847 2053 2018 2142 ἶσος,
2124 2075 2240 2126 705

227 2165 414 2230 δεινὰ
458 2161 519 2231 δ’
563 2164 933 2250 ὁμοκλήσας
978 2167 1133 2230 ἔπεα
1176 2165 1534 2250 πτερόεντα
1577 2164 1950 2250 προσηύδα·

224 2270 485 2355 ,,χάζεο,
532 2267 828 2355 διογενὲς
872 2273 1310 2357 Πατρόκλεις·
1356 2270 1439 2336 οὔ
1482 2271 1570 2337 νύ
1612 2294 1717 2337 τοι
1761 2265 1916 2336 αἶσα

226 2383 321 2464 σῷ
366 2374 496 2441 ὑπὸ
542 2374 738 2462 δουρὶ
780 2378 977 2442 πόλιν
1020 2374 1268 2463 πέρθαι
1321 2376 1569 2462 Τρώων
1614 2375 1996 2462 ἀγερώχων,

227 2477 374 2548 οὐδ’
415 2475 528 2546 ὑπ’
562 2477 926 2565 Ἀχιλλῆος,
973 2482 1047 2558 ὅς
1088 2503 1211 2567 περ
1257 2479 1371 2547 σέο
1416 2481 1666 2548 πολλὸν
1709 2481 2061 2568 ἀμείνων.“

227 2584 316 2666 ὧς
361 2587 563 2671 φάτο,
611 2586 998 2669 Πάτροκλος
1035 2582 1095 2652 δ’
1139 2586 1482 2672 ἀνεχάζετο
1527 2588 1776 2654 πολλὸν
1812 2587 2093 2671 ὀπίσσω,
2124 2601 2237 2655 '110

227 2702 427 2779 μῆνιν
471 2691 873 2776 ἀλευάμενος
918 2689 1318 2775 ἑκατηβόλου
1357 2689 1786 2771 Ἀπόλλωνος.

299 2796 549 2885 Ἕκτωρ
598 2793 659 2863 δ’
705 2796 779 2862 έν
821 2800 1107 2882 Σκαιῇσι
1150 2798 1364 2883 πύλῃς
1407 2800 1513 2882 ἔχε
1556 2799 1865 2884 μώνυχας
1908 2798 2171 2876 ἵππους·

228 2906 363 2984 δίζε
404 2904 561 2991 γάρ,
606 2901 682 2987 ἠὲ
725 2903 996 2988 μάχοιτο
1041 2904 1205 2968 κατὰ
1246 2906 1494 2970 κλόνον
1538 2897 1723 2980 αὖτις
1765 2903 2072 2989 έλάσσας,

225 3006 268 3095 ἦ
315 3012 517 3086 λαοὺς
561 3008 628 3086 ἐς
670 3019 882 3094 τεῖχος
926 3009 1354 3093 ὁμοκλήσειεν
1401 3008 1654 3095 ἀλῆναι.

226 3113 409 3182 ταῦτ’
454 3115 581 3202 ἄρα
626 3114 699 3179 οἱ
755 3113 1113 3200 φρονέοντι
1168 3116 1527 3201 παρίστατο
1590 3119 1836 3201 Φοῖβος
1894 3109 2236 3182 Ἀπόλλων

228 3220 415 3308 ἀνέρι
460 3219 803 3305 εἰσάμενος
848 3220 1046 3307 αἰζηῷ
1091 3242 1162 3285 τε
1205 3228 1500 3310 κρατερῷ
1544 3242 1646 3303 τε,
2124 3238 2232 3289 ’116

221 3324 447 3415 Ἀσίω,
494 3326 568 3402 ὃς
610 3327 872 3411 μήτρως
914 3319 1000 3407 ἦν
1029 3321 1346 3410 Ἕκτορος
1396 3325 1825 3410 ἱπποδάμοιο,

229 3433 784 3515 αὐτοκασίγνητος
819 3427 1124 3514 Εκάβης,
1169 3429 1318 3507 υίὸς
1362 3427 1437 3496 δὲ
1478 3431 1865 3515 Δύμαντος,

229 3538 303 3617 ὃς
353 3540 613 3624 Φρυγίη
658 3538 920 3603 ναίεσκε
966 3535 1126 3621 ῥοῇς
1170 3537 1278 3602 ἔπι
1321 3539 1759 3623 Σαγγαρίοιο·
