2525 3884
309 172 441 238 264
876 219 881 223 .
1073 175 1375 226 ωΑΔοΣ
1411 176 1478 228 ει.

302 319 391 405 τῷ
440 315 520 383 σέ
558 312 630 382 θ’
684 316 816 402 ἅμα
859 319 1063 383 κλαίω
1107 314 1218 382 καὶ
1264 314 1368 402 ἔμ’
1428 308 1730 403 ἄμμορον
1783 316 2117 404 ἀχνυμένη
2164 328 2320 403 κῆρ·

304 423 391 488 οὐ
437 422 563 508 γάρ
608 425 707 500 τίς
751 447 865 508 μοι
910 417 1001 488 ἔτ’
1053 424 1250 501 ἄλλος
1296 420 1397 489 ἐνὶ
1449 426 1652 510 Τροίῃ
1701 423 1921 510 εὐρείῃ
2031 510 2037 515 Δ

303 529 498 611 ἤπιος
542 525 703 594 οὐδὲ
747 532 961 613 φίλος,
1007 530 1244 606 πάντες
1291 526 1371 594 δέ
1409 552 1489 612 με
1533 531 1994 616 πεφρίκασιν.“
2215 547 2318 596 775

393 629 482 711 ὥς
526 637 730 719 ἔφατο
775 628 1102 718 κλαίουσ’,
1151 632 1257 700 ἐπὶ
1303 629 1364 698 δ’
1419 636 1638 700 ἔστενε
1685 636 1889 720 δῆμος
1934 635 2238 722 ἀπείρων.

308 745 571 807 λαοῖσιν
619 738 679 805 δ’
734 739 771 806 ὁ
815 739 1029 825 γέρων
1075 742 1379 823 Πρίαμος
1422 740 1582 822 μετὰ
1626 747 1854 822 μῦθον
1901 744 2143 807 ἔειπεν·

305 845 532 929 „agave
576 854 732 928 νῦν,
786 848 1024 928 Τρῶες,
1073 840 1233 919 ξύλα
1280 843 1543 933 ἄστυδε,
1590 844 1764 926 μηδέ
1801 870 1868 911 τι
1909 854 2107 936 θυμῷ

306 948 551 1032 δείσητ’
591 945 901 1035 Ἀργείων
944 947 1227 1013 πυκινὸν
1273 949 1501 1032 λόχον·
1545 941 1589 1030 ἦ
1634 948 1760 1032 γὰρ
1794 944 2126 1033 Ἀχιλλεὺς

307 1053 580 1140 πέμπων
627 1053 694 1138 μ’
748 1047 865 1118 ὧδ’
918 1050 1214 1118 ἐπέτελλε
1258 1053 1633 1138 μελαινάων
1678 1052 1805 1119 ἀπὸ
1850 1066 2068 1139 νηῶν,
2220 1077 2324 1126 780

305 1163 392 1249 μῂ
438 1159 597 1245 πρὶν
640 1157 1023 1244 πημανέειν,
1068 1156 1227 1244 πρὶν
1274 1159 1609 1242 δωδεκάτη
1657 1160 1824 1244 μόλῃ
1868 1158 2063 1242 ἠώς.“

394 1262 483 1344 ὧς
527 1261 758 1351 ἔφαθ’,
804 1265 875 1330 οἰ
915 1260 978 1329 δ’
1027 1260 1141 1330 ὑπ’
1192 1256 1724 1351 ἀμάξῃσιν’βόας
1761 1264 2083 1350 ,ἡμιόνους
2124 1288 2194 1331 τε
2272 1286 2282 1294 ·

308 1372 704 1455 ζεύγνυσαν,
751 1365 915 1450 αἶψα
960 1367 1022 1435 δ’
1075 1373 1295 1436 ἔπειτα
1338 1373 1467 1458 πρὸ
1514 1372 1742 1448 ἄστεος
1783 1370 2207 1458 ἠγερέθοντο.

309 1476 599 1562 ἐννῆμαρ
646 1472 768 1561 μὲν
813 1479 924 1541 τοί
960 1500 1036 1559 γε
1081 1476 1351 1560 ἀγίνεον
1396 1477 1679 1542 ἄσπετον
1723 1476 1917 1559 ὕλην·

307 1578 449 1649 ἀλλ’
501 1583 609 1649 ὅτε
655 1584 737 1666 δὴ
777 1584 1011 1665 δεκάτη
1058 1582 1271 1667 ἐφάνη
1318 1585 1804 1667 φαεσίμβροτος
1846 1582 2010 1667 ἠώς,
2218 1598 2323 1649 ’185

305 1687 416 1755 καὶ
451 1685 584 1755 τότ’
635 1683 748 1774 ἀρ’
799 1687 1112 1774 ἐξέφερον
1153 1690 1426 1774 θρασὺν
1454 1686 1736 1773 Ἕκτορα
1774 1688 1984 1771 δάκρυ
2041 1685 2323 1774 χέοντες,

308 1796 383 1861 ἐν
431 1792 503 1860 δὲ
547 1802 723 1880 πυρῇ
760 1794 974 1880 ὑπάτῃ
1017 1796 1256 1880 νεκρὸν
1299 1792 1546 1878 θέσαν,
1592 1794 1665 1859 έν
1712 1792 1774 1859 δ’
1827 1798 2071 1879 ἔβαλον
2116 1803 2267 1879 πῦρ.

307 1895 473 1985 ἦμος
519 1897 580 1966 δ’
631 1898 965 1986 ἠριγένεια
1009 1899 1188 1986 φάνη
1234 1899 1723 1986 ῥοδοδάκτυλος
1764 1900 1919 1984 ἠώς,

312 2016 516 2091 τῆμος
559 2001 672 2092 ἄρ’
714 2004 885 2091 ἀμφὶ
928 2008 1147 2092 πυρὴν
1191 2011 1438 2071 κλυτοῦ
1466 2003 1781 2089 Ἕκτορος
1821 2007 2060 2092 ῆγρετο
2106 2008 2282 2083 λαός.

312 2113 547 2199 [αὐτὰρ
594 2112 740 2178 ἐπεί
778 2111 838 2198 ῤ’
892 2113 1181 2199 ἤγερθεν
1226 2110 1575 2196 ὁμηγερέες
1617 2135 1688 2177 τε
1730 2111 2071 2195 γένοντο,]
2221 2128 2325 2177 790

148 2248 152 2252 ·
190 2286 193 2287 ⁷
309 2229 574 2303 πρῶτον
618 2215 741 2303 μὲν
785 2219 949 2283 κατὰ
993 2220 1322 2302 πυρκαϊὴν
1369 2216 1615 2301 σβέσαν
1660 2223 1894 2284 αἴθοπι
1940 2223 2101 2305 οἴνῳ

306 2333 544 2409 πᾶσαν,
588 2324 881 2390 ὁπόσσον
926 2321 1152 2409 ἐπέσχε
1196 2325 1406 2409 πυρὸς
1448 2323 1673 2408 μένος·
1719 2323 1924 2408 αὐτὰρ
1972 2326 2191 2389 ἔπειτα

311 2428 504 2496 ὀστέα
547 2431 747 2495 λευκὰ
792 2428 1063 2512 λέγοντο
1109 2432 1502 2514 κασίγνητοί
1537 2425 1611 2495 θ’
1662 2428 1891 2515 ἕταροί
1918 2454 1991 2496 τε

310 2537 694 2621 μυρόμενοι,
739 2537 1034 2620 θαλερὸν
1081 2532 1156 2602 δὲ
1199 2538 1533 2618 κατείβετο
1581 2535 1792 2621 δάκρυ
1836 2546 2145 2621 παρειῶν.

310 2639 420 2706 καὶ
463 2642 544 2706 τά
586 2665 662 2724 γε
705 2645 1022 2727 χρυσείην
1068 2642 1135 2718 ές
1179 2642 1473 2726 λάρνακα
1518 2648 1739 2725 θῆκαν
1786 2640 2076 2724 ἑλόντες,
2219 2655 2321 2704 ’195

309 2745 716 2833 πορφυρέοις
758 2745 1064 2813 πέπλοισι
1106 2749 1519 2826 καλύψαντες
1562 2753 1986 2833 μαλακοῖσιν·

311 2848 475 2932 αἶψα
520 2853 592 2918 δ’
638 2848 743 2939 ἄρ’
796 2854 863 2931 ἐς
896 2856 1130 2937 κοίλην
1172 2853 1457 2920 κάπετον
1491 2850 1736 2938 θέσαν,
1785 2853 1989 2936 αὐτὰρ
2024 2850 2323 2936 ὕπερθεν

308 2970 661 3025 πυκνοῖσιν
707 2960 936 3026 λάεσσι
969 2961 1444 3045 κατεστόρεσαν
1488 2960 1889 3045 μεγάλοισιν.

309 3066 524 3153 ῥίμφα
571 3062 645 3130 δὲ
691 3060 843 3150 σῆμ’
886 3068 1106 3151 ἔχεαν·
1151 3064 1302 3151 περὶ
1357 3062 1430 3131 δὲ
1476 3063 1712 3131 σκοποὶ
1757 3063 1934 3130 εἵατο
1967 3062 2226 3148 πάντῃ,

309 3174 398 3257 μὴ
442 3171 601 3258 πρὶν
647 3171 1093 3257 ἐφορμηθεῖεν
1136 3172 1525 3256 ἐυκνήμιδες
1562 3169 1825 3256 Ἀχαιοί.
2055 3199 2060 3203 ·
2217 3184 2322 3234 800

310 3278 620 3363 χεύαντες
667 3272 742 3341 δὲ
784 3277 859 3342 τὸ
906 3285 1079 3359 σῆμα
1123 3276 1324 3340 πάλιν
1367 3279 1545 3342 κίον·
1593 3276 1799 3361 αὐτὰρ
1847 3277 2068 3342 ἔπειτα

311 3377 387 3448 εὖ
431 3385 973 3468 συναγειρόμενοι
1019 3380 1317 3446 δαίνυντ’
1371 3380 1674 3467 ἐρικυδέα
1721 3384 1911 3449 δαῖτα

311 3487 609 3571 δώμασιν
655 3488 728 3554 ἐν
774 3487 1103 3572 Πριάμοιο
1150 3486 1535 3572 διοτρεφέος
1578 3491 1913 3573 βασιλῆος.

399 3587 488 3670 ὥς
534 3594 604 3658 οἳ
641 3590 704 3676 γ’
758 3592 1088 3678 ἀμφίεπον
1132 3594 1349 3678 τάφον
1378 3592 1691 3677 Ἕκτορος
1738 3593 2153 3677 ἱπποδάμοιο.

1098 3732 1521 3766 ...4—
