2525 3884
1002 187 1305 240 ῙΔῙΔΔΟΣ
1341 189 1457 241 XV.
2138 195 2225 257 47

310 323 403 407 ὧς
449 329 643 414 φάτο,
687 331 1001 415 μείδησεν
1046 326 1119 396 δὲ
1162 331 1376 416 πατὴρ
1422 331 1690 418 ἀνδρῶν
1732 355 1804 398 τε
1846 339 2030 400 θεῶν
2073 357 2167 419 τε,

213 438 338 510 καί
378 459 497 521 μιν
542 435 974 521 ἀμειβόμενος
1017 438 1174 502 ἔπεα
1219 439 1574 521 πτερόεντα
1617 441 1992 525 προσηύδα·

212 544 332 626 „el
375 538 500 627 μὲν
544 543 627 626 δὴ
676 543 762 608 σύ
804 536 869 626 γ’
920 545 1161 626 ἔπειτα,
1207 545 1457 627 βοῶπις
1499 544 1737 610 πότνια
1765 543 1963 630 “Ηρη,

219 644 380 714 ἴσον
427 646 572 733 ἐμοὶ
619 648 999 734 φρονέουσα
1044 643 1182 733 μετ’
1233 647 1634 716 ἀθανάτοισι
1679 654 1976 731 καθίζοις
1991 672 2006 687 ·
2159 668 2231 718 60

208 763 310 844 τῷ
356 778 433 820 κε
475 754 873 820 Ποσειδάων
916 777 1014 838 γε,
1060 752 1170 820 καὶ
1215 757 1277 820 εί
1319 757 1491 840 μάλα
1527 757 1837 841 βούλεται
1879 759 2066 844 ἄλλῃ,

211 856 388 940 αἶψα
434 858 893 946 μεταστρέψειε
937 862 1103 926 νόον
1149 863 1309 945 μετὰ
1355 863 1479 927 σὸν
1520 860 1632 928 καὶ
1677 862 1838 947 ἐμὸν
1881 873 2023 951 κῆρ.

212 964 367 1034 ἀλλ’
422 969 484 1033 εἰ
527 968 610 1050 δή
657 963 720 1052 ῥ’
772 966 956 1032 ἐτεόν
999 989 1074 1050 γε
1117 965 1228 1032 καὶ
1274 966 1591 1053 ἀτρεκέως
1635 968 1994 1056 ἀγορεύεις,

210 1079 412 1160 ἔρχεο
456 1082 585 1139 νῦν
630 1074 790 1158 μετὰ
835 1077 1017 1158 φῦλα
1061 1079 1246 1139 θεῶν
1288 1073 1399 1140 καὶ
1444 1076 1645 1161 δεῦρο
1685 1077 2014 1143 κάλεσσον

198 1174 381 1265 Ἶρίν
422 1175 482 1245 τ’
532 1178 885 1265 ἐλθέμεναι
927 1177 1037 1246 καὶ
1074 1177 1455 1246 Ἀπόλλωνα
1491 1181 1905 1266 κλυτότοξον,
2160 1198 2225 1249 55

209 1285 383 1374 ὄφρ’
432 1286 476 1370 ἡ
521 1281 642 1372 μὲν
687 1287 846 1370 μετὰ
890 1287 1054 1352 λαὸν
1092 1283 1372 1371 Ἀχαιῶν
1416 1290 1916 1372 χαλκοχιτώνων

214 1398 395 1480 ἔλθῃ
437 1390 550 1458 καὶ
593 1398 813 1479 εἴπῃσι
860 1393 1282 1459 Ποσειδάωνι
1326 1394 1559 1458 ἄνακτι

208 1500 651 1583 παυσάμενον
694 1496 1008 1584 πολέμοιο
1053 1500 1134 1564 τὰ
1178 1498 1221 1564 ἃ
1265 1501 1431 1586 πρὸς
1469 1495 1729 1584 δώμαθ’
1783 1499 2065 1584 ἱκέσθαι,

196 1606 493 1692 Ἕκτορα
539 1601 601 1672 δ’
653 1605 969 1691 ὀτρύνῃσι
1014 1606 1230 1691 μάχην
1277 1605 1344 1683 ἐς
1392 1608 1641 1690 Φοῖβος
1679 1602 2033 1691 Ἀπόλλων,

213 1708 412 1789 αὖτις
455 1708 518 1777 δ’
570 1710 973 1796 ἐμπνεύσῃσι
1017 1708 1235 1795 μένος,
1283 1711 1533 1799 λελάθῃ
1582 1709 1644 1777 δ’
1697 1712 2028 1797 ὀδυνάων,
2155 1732 2224 1782 60

211 1823 295 1885 αἳ
334 1826 463 1884 νῦν
507 1841 621 1902 μιν
664 1821 961 1903 τείρουσι
1004 1818 1168 1883 κατὰ
1212 1816 1485 1904 φρένας,
1533 1819 1739 1904 αὐτὰρ
1779 1817 2079 1903 Ἀχαιοὺς

215 1919 410 2001 αὖτις
454 1922 945 2010 ἀποστρέψῃσιν
990 1922 1313 1989 ἀνάλκιδα
1358 1926 1573 2009 φύζαν
1620 1925 1919 2011 ἐνόρσας,

214 2030 585 2116 φεύγοντες
629 2027 692 2096 δ’
745 2030 819 2096 ἐν
862 2027 1065 2114 νηυσὶ
1107 2035 1499 2115 πολυκλήισι
1542 2029 1834 2097 πέσωσιν

215 2137 591 2220 [Πηλεΐδεω
632 2132 951 2221 Ἀχιλῆος·
999 2134 1037 2203 ὀ
1084 2131 1149 2202 δ’
1199 2136 1511 2221 ἀνστήσει
1558 2136 1639 2203 ὃν
1685 2135 1949 2221 ἑταῖρον

152 2322 157 2323 7
211 2243 639 2329 Πάτροκλον·
683 2244 804 2308 τὸν
849 2238 925 2308 δὲ
969 2253 1188 2309 κτενεῖ
1227 2245 1406 2327 ἔγχει·
1448 2244 1770 2329 φαίδιμος
1798 2240 2051 2330 Ἕκτωρ
2152 2260 2221 2312 66

206 2348 415 2417 Ἰλίου
458 2348 898 2435 προπάροιθε,
943 2346 1184 2425 πολέας
1229 2345 1526 2414 ὀλέσαντ’
1580 2351 1843 2432 αἰζηοὺς

208 2456 375 2533 τοὺς
409 2457 672 2538 ἄλλους,
718 2455 878 2541 μετὰ
922 2452 986 2519 δ’
1036 2455 1191 2520 υἱὸν
1237 2453 1398 2539 ἐμὸν
1441 2456 1853 2541 Σαρπηδόνα
1899 2455 2067 2521 δῖον.

206 2570 337 2628 τοῦ
380 2555 454 2628 δὲ
497 2560 956 2647 χολωσάμενος
997 2571 1217 2627 κτενεῖ
1239 2559 1521 2647 ’Ἑκτορα
1568 2563 1711 2639 δῖος
1747 2555 2091 2647 Ἀχιλλεύς.

208 2668 289 2733 ἐκ
328 2675 449 2732 τοῦ
495 2665 557 2732 δ’
609 2668 692 2733 ἄν
734 2689 839 2733 τοι
885 2670 1105 2733 ἔπειτα
1147 2667 1469 2746 παλίωξιν
1511 2668 1689 2753 παρὰ
1732 2677 1917 2751 νηῶν

194 2769 359 2843 αἰὲν
403 2773 532 2857 ἐγὼ
574 2774 871 2859 τεύχοιμι
918 2771 1288 2859 διαμπερές,
1334 2775 1429 2851 εἰς
1473 2773 1511 2839 ὅ
1555 2771 1617 2838 κ’
1662 2769 1909 2858 Ἀχαιοὶ
2148 2789 2218 2839 ’10

188 2879 406 2965 Ἴλιον
452 2881 613 2945 αἰπὺ
658 2879 874 2945 ἕλοιεν
912 2876 1273 2963 Ἀθηναίης
1320 2880 1431 2944 διὰ
1476 2880 1772 2963 βουλάς]

204 2985 285 3051 τὸ
328 2982 488 3071 πρὶν
534 2979 599 3051 δ’
651 2980 795 3051 οὔτ’
845 2982 950 3071 ἄρ’
1005 2985 1134 3069 ἐγὼ
1177 2986 1368 3052 παύω
1413 2988 1614 3070 χόλον
1652 2985 1804 3050 οὔτε
1839 2983 1966 3051 τιν’
2010 2987 2215 3052 ἄλλον

209 3091 568 3157 ἀθανάτων
604 3096 989 3158 Δαναοῖσιν
1034 3090 1368 3176 ἀμυνέμεν
1414 3087 1650 3157 ἐνθάδ’
1703 3090 1894 3175 ἐάσω,

204 3183 366 3282 πρίν
408 3221 485 3282 γε
530 3199 605 3262 τὸ
650 3200 989 3282 Πηλεΐδαο
1033 3202 1512 3281 τελευτηθῆναι
1558 3196 1823 3282 ἐέλδωρ,

204 3304 295 3380 ὥς
340 3303 412 3370 οἱ
447 3302 739 3387 ὑπέστην
782 3314 1068 3390 πρῶτον,
1117 3302 1250 3392 ἐμῷ·
1299 3297 1363 3369 δ’
1414 3302 1733 3370 ἐπένευσα
1776 3304 2039 3389 κάρητι,
2144 3318 2212 3369 ’15

202 3411 403 3494 ἤματι
446 3418 561 3499 τῷ,
608 3406 704 3476 ὅτ’
758 3409 935 3495 ἐμεῖο
981 3410 1111 3476 θεὰ
1157 3409 1347 3487 Θέτις
1392 3410 1605 3493 ἥψατο
1649 3409 1918 3491 γούνων

166 3513 562 3601 -λισσομένη
609 3525 878 3600 τιμῆσαι
916 3511 1218 3599 Ἀχιλλῆα
1263 3513 1786 3595 πτολίπορθον.“
