2525 3884
1038 194 1341 247 ΙΔΙΔΔΟΣ
1375 196 1519 250 XIV.
2189 194 2271 256 41

253 345 671 418 κυανοχαῖτα
713 335 1114 401 ,Ποσειδάων
1158 334 1270 403 καὶ
1315 339 1632 423 φαίδιμος
1658 334 1942 421 Ἕκτωρ,
2174 353 2279 403 390

256 434 308 522 ἦ
354 462 465 504 τοι
511 439 548 505 ὁ
596 436 718 525 μὲν
770 441 1129 527 Τρώεσσιν,
1178 440 1215 509 ὁ
1262 439 1330 508 δ’
1376 439 1771 528 Ἀργείοισιν
1814 442 2101 529 ἀρήγων.

260 544 572 630 ἐκλύσθη
618 543 693 613 δὲ
727 547 1039 612 θάλασσα
1082 546 1235 614 ποτὶ
1278 552 1537 626 κλισίας
1579 571 1650 614 τε
1693 548 1848 627 νέας
1890 572 1961 615 τε

254 646 616 736 Ἀργείων·
660 653 731 719 οἰ
772 649 846 719 δὲ
891 652 1171 733 ξύνισαν
1216 655 1477 741 μεγάλῳ
1523 654 1842 744 ἀλαλητῷ.

108 820 121 850 .—
178 846 183 863 ι
221 837 227 847 ³
260 756 429 822 οὔτε
472 758 816 842 θαλάσσης
859 768 1035 844 κῦμα
1078 761 1283 825 τόσον
1328 760 1497 847 βοάᾳ
1542 758 1693 826 ποτὶ
1735 759 2000 847 χέρσον,

78 878 85 899 ’
118 882 131 886 “
158 930 173 940 ,
257 860 626 948 ποντόθεν,
649 865 1025 950 ὀρνύμενον
1068 873 1268 950 πνοιῇ
1311 864 1542 952 Βορέω
1586 865 1912 952 ἀλεγεινῇ,
2169 882 2276 933 396

131 1016 139 1043 .
264 970 428 1035 οὔτε
471 972 681 1056 πυρὸς
722 973 958 1049 τόσσος
1000 994 1078 1055 γε
1121 969 1304 1037 πέλει
1347 974 1595 1058 βρόμος
1639 972 2028 1057 αὐθομένοιο

266 1076 511 1162 οὔρεος
554 1076 629 1143 ἐν
671 1077 943 1161 βήσσῃς,
990 1077 1099 1143 ὅτε
1140 1074 1199 1141 τ’
1252 1078 1458 1164 ὤρετο
1502 1076 1770 1164 καιέμεν
1811 1079 2003 1163 ὕλην,

264 1178 416 1247 οὔτ’
466 1183 706 1267 ἄνεμος
747 1184 990 1248 τόσσον
1034 1206 1111 1267 γε
1155 1180 1307 1270 περὶ
1353 1182 1593 1270 δρυσὶν
1637 1184 2063 1270 ὑψικόμοισιν

261 1288 486 1372 ἠπύει,
532 1289 605 1366 ὅς
645 1311 716 1355 τε
760 1289 1041 1374 μάλιστα
1086 1287 1252 1375 μέγα
1297 1288 1604 1375 βρέμεται
1645 1294 2081 1374 χαλεπαίνων,

136 1422 147 1435 »
264 1393 438 1479 ὅσση
482 1395 610 1481 ἄρα
661 1395 910 1480 Τρώων
954 1393 1066 1461 καὶ
1104 1391 1383 1482 Ἀχαιῶν
1430 1397 1657 1460 ἔπλετο
1703 1396 1895 1480 φωνὴ
2169 1413 2275 1465 400

266 1501 502 1566 δεινὸν
547 1500 918 1585 ἀυσάντων,
965 1499 1062 1567 ὅτ’
1114 1498 1215 1568 ἐπ’
1269 1501 1655 1586 ἀλλήλοισιν
1699 1503 2010 1586 ὄρουσαν.

360 1611 648 1684 Αἴαντος
692 1602 768 1673 δὲ
811 1617 1070 1693 πρῶτος
1114 1607 1418 1673 ἀκόντισε
1463 1609 1779 1692 φαίδιμος
1807 1606 2060 1693 ’Ἐκτωρ

261 1713 466 1797 ἔγχει,
510 1710 651 1779 ἐπεὶ
692 1712 1011 1799 τέτραπτο
1054 1715 1221 1797 πρὸς
1268 1715 1389 1780 ὐθύ
1434 1714 1520 1797 οί,
1567 1711 1714 1780 οὐδ’
1766 1714 2171 1801 ἀφάμαρτεν,

258 1827 350 1905 τῇ
394 1818 478 1904 ῥα
525 1819 663 1885 δύω
708 1824 1051 1905 τελαμῶνε.
1084 1818 1234 1906 περὶ
1281 1821 1601 1903 στήθεσσι
1646 1821 1999 1904 τετάσθην,

259 1920 309 2009 ἦ
354 1948 458 1990 τοι
501 1924 538 1991 ὁ
583 1923 705 2010 μὲν
751 1926 1003 2009 σάκεος,
1048 1925 1087 1993 ὁ
1133 1923 1208 1993 δὲ
1253 1926 1605 2012 φασγάνου
1652 1926 2102 2013 ἀργυροήλου·
2163 1941 2268 1992 405

258 2032 360 2097 τώ
405 2031 476 2097 ot
514 2030 865 2117 ῥυσάσθην
908 2030 1140 2117 τέρενα
1183 2034 1367 2117 χρόα.
1448 2032 1705 2117 χώσατο
1754 2028 1815 2098 δ’
1850 2029 2127 2116 ”Εκτωρ,

261 2137 407 2203 ὄττι
449 2136 535 2222 ῥά
579 2138 652 2203 οί
688 2137 883 2223 βέλος
927 2137 1065 2203 ὠκὺ
1111 2138 1387 2204 ἐτώσιον
1433 2141 1679 2223 ἔκφυγε
1722 2139 1962 2225 χειρός,

261 2242 362 2321 ἂψ
398 2239 464 2308 δ’
516 2242 767 2330 ἑτάρων
814 2245 908 2321 είς
951 2246 1156 2322 ἔθνος
1201 2244 1456 2331 ἐχάζετο
1500 2241 1652 2329 κῆρ’
1706 2244 2038 2309 ἀλεείνων.

260 2350 385 2414 τὸν
430 2345 551 2434 μὲν
595 2347 791 2416 ἔπειτ’
843 2348 1122 2417 ἀπιόντα
1165 2348 1368 2435 μέγας
1420 2350 1836 2435 Τελαμώνιος
1880 2355 2049 2427 Αἴας

263 2456 617 2544 χερμαδίῳ,
660 2455 740 2521 τά
786 2455 870 2541 ῥα
914 2456 1127 2521 πολλὰ
1169 2455 1405 2522 θοάων
1451 2458 1694 2541 ἔχματα
1738 2466 1924 2540 νηῶν
2166 2471 2272 2522 410

263 2561 397 2647 πάρ
441 2559 600 2627 ποσὶ
642 2559 1081 2648 μαρναμένων
1128 2561 1529 2645 ἐκυλίνδετο,
1572 2571 1707 2627 τῶν
1752 2562 1827 2627 ἓν
1873 2561 2095 2645 ἀείρας

274 2673 520 2752 στῆθος
566 2669 911 2752 βεβλήκειν
960 2663 1123 2752 ὑπὲρ
1169 2668 1475 2751 ἄντυγος,
1521 2666 1762 2751 ἀγχόθι
1809 2667 2049 2751 δειρῆς,

265 2775 596 2859 στρόμβον
642 2768 708 2838 δ’
763 2771 853 2849 ὣς
897 2775 1126 2839 ἔσσευε
1168 2772 1414 2857 βαλών,
1460 2769 1610 2856 περὶ
1647 2768 1716 2838 δ’
1762 2772 2003 2855 ἔδραμε
2037 2771 2270 2858 πάντῃ.

266 2879 353 2957 ὡς
399 2876 462 2945 δ’
515 2875 630 2945 ὅθ’
681 2877 812 2944 ὑπὸ
855 2883 1108 2963 πληγῆς
1149 2879 1396 2964 πατρὸς
1438 2878 1608 2955 Διὸς
1645 2875 1906 2962 ἐξερίπῃ
1954 2877 2117 2964 δρῦς

266 2988 634 3072 πρόρριζος,
683 2986 869 3069 δεινὴ
917 2982 992 3051 δὲ
1034 2985 1265 3050 θεείου
1308 2986 1605 3068 γίγνεται
1650 2983 1821 3067 ὀδμὴ
2165 3000 2270 3050 415

264 3090 329 3170 ἐξ
375 3093 601 3176 αὐτῆς·
645 3092 766 3157 τὸν
811 3087 873 3156 δ’
927 3090 1011 3156 οὔ
1056 3110 1181 3176 περ
1226 3092 1360 3174 ἔχει
1403 3088 1681 3175 θράσος,
1729 3088 1803 3166 ὅς
1847 3111 1965 3153 κεν
2012 3090 2232 3172 ἴδηται

262 3195 458 3281 ἐγγὺς
501 3195 651 3279 ἐών,
696 3197 980 3282 χαλεπὸς
1024 3192 1099 3261 δὲ
1143 3197 1313 3272 Διὸς
1357 3194 1669 3279 μεγάλοιο
1714 3196 2064 3277 κεραυνός·

265 3298 354 3381 ὧς
397 3297 576 3369 ἔπεσ’
612 3300 928 3388 Ἕκτορος
973 3297 1111 3368 ὦκα
1154 3298 1357 3387 χαμαὶ
1401 3301 1601 3386 μένος
1645 3299 1722 3366 ἐν
1765 3304 2092 3385 κονίῃσιν.

132 3423 144 3430 ’
259 3410 478 3493 χειρὸς
522 3405 582 3474 δ’
637 3410 912 3492 ἔκβαλεν
958 3411 1169 3492 ἔγχος,
1216 3403 1315 3473 ἐπ’
1369 3406 1550 3492 αὐτῷ
1596 3400 1663 3471 δ’
1714 3403 1908 3482 ἀσπὶς
1955 3404 2180 3489 ἑάφθη

260 3511 369 3579 καὶ
402 3515 625 3599 κόρυς,
674 3510 845 3597 ἀμφὶ
883 3510 963 3577 δέ
986 3513 1058 3577 οἱ
1079 3510 1281 3596 βράχε
1307 3510 1538 3592 τεύχεα
1583 3511 1851 3572 ποικίλα
1895 3511 2133 3589 χαλκῷ.
2163 3520 2271 3569 420
