2525 3884
990 169 1292 224 ιΛΙΑΔοΣ
1327 174 1519 225 xxlv.
1792 213 1795 221 ,
2122 171 2255 236 245

256 315 330 391 ὅς
374 308 438 379 σ’
482 313 649 397 ἄξει,
698 314 849 392 εἵως
891 336 1006 380 κεν
1051 315 1233 398 ἄγων
1272 311 1519 399 Ἀχιλῆι
1562 315 1869 402 πελάσσῃ.

257 420 463 506 αὐτὰρ
511 419 676 504 ἐπὴν
721 419 1047 505 ἀγάγῃσιν
1092 423 1221 485 ἔσω
1265 424 1530 504 κλισίην
1568 416 1889 506 Ἀχιλῆος,

258 521 398 591 οὔτ’
443 524 641 603 αὐτὸς
683 522 931 590 κτενέει
974 525 1104 591 ἀπό
1147 522 1204 590 τ’
1248 526 1490 604 ἄλλους
1532 527 1779 604 πάντας
1828 526 2066 612 ἐρύξει·
2160 543 2260 592 185

260 632 411 696 οὔτε
455 631 582 717 γάρ
629 627 759 697 ἐστ’
803 631 1040 717 ἄφρων
1087 625 1226 696 οὔτ’
1269 632 1557 709 ἄσκοπος
1602 628 1740 696 οὔτ’
1783 630 2144 716 ἀλιτήμων.

257 737 420 802 ἀλλὰ
465 734 614 821 μάλ’
659 736 984 813 ἐνδυκέως
1029 735 1248 803 ἱκέτεω
1295 738 1724 821 πεφιδήσεται
1768 737 2105 823 ἀνδρός.]“

345 841 388 926 ἡ
433 840 555 927 μὲν
601 838 704 927 ἄρ’
747 837 836 921 ὥς
882 839 1136 910 εἰποῦσ’
1181 841 1389 927 ἀπέβη
1429 844 1637 921 πόδας
1680 842 1850 909 ώκέα
1879 833 2069 930 Ἰρις,

262 949 470 1035 αὐτὰρ
516 949 553 1014 ὅ
597 943 661 1031 γ’
710 940 860 1027 υἷας
905 948 1160 1034 ἄμαξαν
1210 949 1528 1036 ἐύτροχον
1570 949 1916 1034 ἡμιονείην

259 1054 527 1121 ὁπλίσαι
571 1055 844 1138 ἠνώγει,
890 1058 1209 1141 πείρινθα
1253 1052 1329 1121 δὲ
1376 1056 1570 1139 δῆσαι
1616 1052 1713 1120 ἐπ’
1757 1055 1974 1139 αὐτῆς.
2165 1070 2265 1118 190

260 1160 458 1237 αὐτὸς
503 1156 565 1224 δ’
610 1160 677 1237 ἐς
718 1160 1025 1245 θάλαμον
1070 1162 1462 1244 κατεβήσετο
1506 1161 1800 1244 κηώεντα

258 1265 571 1352 κέδρινον
614 1264 997 1352 ὑψόροφον,
1046 1266 1119 1344 ὃς
1162 1268 1407 1350 γλήνεα
1450 1267 1661 1331 πολλὰ
1693 1266 2058 1351 κεχάνδειν.

262 1373 329 1449 ἐς
373 1368 434 1436 δ’
478 1372 721 1455 ἄλοχον
755 1368 1042 1456 Ἑκάβην
1087 1371 1479 1438 ἐκαλέσσατο
1526 1371 1839 1456 φώνησέν
1882 1390 1979 1437 τε·

263 1480 650 1563 ,,δαιμονίη,
696 1480 955 1544 Διόθεν
1000 1503 1113 1563 μοι
1151 1475 1499 1563 Ὀλύμπιος
1544 1479 1819 1562 ἄγγελος
1862 1473 2073 1560 ἦλθεν
2334 1553 2340 1559 ,

263 1584 597 1650 λύσασθαι
642 1587 846 1668 φίλον
891 1586 1042 1650 υἱὸν
1090 1579 1254 1650 ἰόντ’
1298 1581 1404 1650 ἐπὶ
1448 1592 1612 1667 νῆας
1649 1581 1956 1669 Ἀχαιῶν,
2167 1596 2267 1647 195

265 1691 448 1775 δῶρα
492 1687 554 1756 δ’
616 1686 902 1775 Ἀχιλλῆι
949 1688 1260 1775 φερέμεν,
1307 1689 1387 1754 τά
1429 1713 1502 1755 κε
1546 1692 1771 1775 θυμὸν
1817 1691 1989 1774 ἰήνῃ.

265 1789 405 1859 ἀλλ’
447 1796 565 1878 ἄγε
618 1818 732 1879 μοι
783 1796 935 1861 τόδε
992 1793 1157 1878 εἰπέ,
1211 1798 1284 1860 τί
1329 1817 1434 1860 τοι
1489 1793 1727 1882 φρεσὶν
1783 1795 2026 1860 εἴδεται
2070 1787 2268 1871 sivan

266 1901 467 1977 αἰνῶς
509 1901 637 1987 γάρ
682 1896 749 1984 μ’
792 1901 997 1966 αὐτόν
1041 1925 1117 1984 γε
1161 1900 1360 1985 μένος
1403 1899 1510 1965 καὶ
1557 1902 1775 1984 θυμὸς
1819 1901 2077 1982 ἄνωγεν

264 2001 427 2071 κεϊσ’
469 2006 640 2072 ἰέναι
685 2004 790 2072 ἐπὶ
833 2014 997 2090 νῆας
1041 2009 1168 2071 ἔσω
1215 2007 1499 2092 στρατὸν
1544 2006 1750 2092 εὐρὺν
1801 2001 2138 2090 Ἀχαιῶν.“
2189 1996 2198 2003 “

354 2106 442 2189 ὧς
487 2113 657 2197 φάτο
673 2160 692 2195 ,
737 2113 1034 2177 κώκυσεν
1080 2108 1155 2177 δὲ
1197 2113 1370 2196 γυνὴ
1416 2109 1525 2177 καὶ
1562 2111 1861 2196 ἀμείβετο
1899 2110 2125 2197 μύθῳ·
2165 2127 2269 2176 200

265 2219 363 2300 »ὦ
409 2241 552 2304 μοι,
607 2227 697 2303 πῇ
754 2219 852 2303 δή,
881 2240 986 2283 τοι
1039 2216 1280 2301 φρένες
1323 2211 1611 2302 οἴχονθ’,
1655 2207 1735 2302 ᾖς
1777 2218 1852 2281 τὸ
1897 2215 2107 2300 πάρος
2150 2237 2272 2301 περ

266 2318 434 2389 ἔκλε’
477 2318 572 2390 ἐπ’
619 2324 1021 2410 ἀνθρώπους
1064 2323 1321 2403 ξείνους
1363 2318 1471 2407 ἠδ’
1513 2315 1688 2389 οἷσιν
1733 2322 2069 2400 ἀνάσσεις;

264 2439 403 2505 πῶς
448 2427 699 2504 ἐθέλεις
743 2426 849 2494 ἐπὶ
891 2436 1056 2512 νῆας
1093 2425 1371 2514 Ἀχαιῶν
1417 2426 1697 2514 ἐλθέμεν
1744 2422 1911 2510 οἶος,

238 2534 512 2619 *ἀνδρὸς
565 2533 631 2611 ἐς
689 2534 1109 2618 ὀφθαλμούς,
1165 2536 1238 2611 ὅς
1282 2558 1388 2600 τοι
1439 2533 1678 2612 πολέας
1719 2557 1789 2600 τε
1833 2531 1943 2599 καὶ
1990 2533 2276 2612 ἐσθλοὺς

266 2637 451 2717 υἱέας
495 2638 848 2723 ἐξενάριξε;
896 2639 1235 2723 σιδήρειόν
1280 2641 1367 2705 νύ
1411 2664 1515 2706 τοι
1558 2635 1735 2724 ἦτορ.
2171 2657 2274 2706 205

268 2747 332 2810 εἰ
370 2746 499 2831 γάρ
545 2742 606 2811 σ’
651 2745 908 2828 αἱρήσει
951 2742 1061 2810 καὶ
1107 2745 1415 2824 ἐσόψεται
1459 2746 1914 2830 ὀφθαλμοῖσιν

269 2850 570 2936 ὠμηστὴς
612 2848 723 2915 καὶ
768 2851 1040 2928 ἄπιστος
1074 2850 1244 2936 ἀνὴρ
1291 2851 1328 2916 ὅ
1372 2874 1477 2934 γε,
1524 2851 1607 2916 οὔ
1651 2845 1713 2914 σ’
1756 2849 2007 2934 ἐλεήσει

271 2956 435 3023 οὐδέ
473 2960 545 3022 τί
582 2953 645 3022 σ’
690 2954 1034 3021 αἰδέσεται.
1125 2964 1254 3021 νῦν
1303 2953 1377 3022 δὲ
1420 2959 1749 3041 κλαίωμεν
1794 2956 2083 3021 ἄνευθεν

269 3062 501 3144 ἥμενοι
545 3061 618 3127 ἐν
662 3061 953 3148 μεγάρῳ·
997 3069 1088 3149 τῷ
1137 3057 1198 3127 δ’
1242 3055 1334 3140 ὥς
1374 3067 1542 3126 ποθι
1585 3071 1785 3147 μοῖρα
1826 3063 2100 3148 κραταιὴ

270 3166 632 3255 γεινομένῳ
681 3165 956 3249 ἐπένησε
1001 3169 1194 3254 λίνφ,
1242 3167 1349 3232 ὅτε
1393 3190 1510 3252 μιν
1552 3165 1744 3232 τέκον
1796 3168 1994 3252 αὐτή,
2171 3184 2277 3233 210

271 3270 635 3357 ἀργίποδας
678 3273 882 3348 κύνας
926 3266 1110 3354 ἆσαι,
1160 3271 1286 3337 ἑῶν
1333 3271 1669 3338 ἀπάνευθε
1707 3275 1996 3356 τοκήων,

273 3373 468 3463 ἀνδρὶ
512 3376 687 3463 πάρα
730 3384 1054 3464 κρατερῷ,
1099 3385 1220 3442 τοῦ
1266 3377 1393 3460 ἐγὼ
1438 3376 1643 3462 μέσον
1688 3373 1862 3462 ἧπαρ
1907 3378 2120 3460 ἔχοιμι

272 3480 628 3567 ἐσθέμεναι
670 3491 1054 3568 προσφῦσα·
1098 3477 1232 3547 τότ’
1274 3483 1501 3547 ἄντιτα
1546 3484 1707 3566 ἔργα
1750 3480 2009 3564 γένοιτο
