2525 3884
1013 194 1315 247 ῙΔΙΑΔΟΣ
1349 195 1524 249 xxn.
2147 191 2272 256 199

259 337 585 422 ,,θάρσει,
628 334 1063 422 τριτογένεια,
1109 341 1313 422 φίλον
1356 334 1569 414 τέκος·
1622 337 1704 403 οὔ
1748 339 1835 403 νύ
1880 361 1944 402 τι
1988 342 2184 424 θυμῷ

259 444 603 528 πρόφρονι
646 441 1012 526 μυθέομαι,
1060 442 1272 509 ἐθέλω
1320 442 1399 509 δέ
1436 466 1543 508 τοι
1584 444 1779 527 ἤπιος
1821 438 2019 510 εἶναι·

266 548 491 632 ἔρξον,
537 538 664 633 ὅπῃ
714 548 798 632 δή
841 571 948 614 τοι
990 551 1147 626 νόος
1191 552 1452 632 ἔπλετο,
1499 549 1670 635 μηδέ
1708 546 1766 614 τ’
1812 549 2064 635 ἐρώει.“
2175 562 2277 612 185

359 648 447 731 ὥς
489 654 693 720 εἰπὼν
739 655 993 736 ὤτρυνε
1036 657 1244 742 πάρος
1289 666 1617 742 μεμαυῖαν
1655 653 1977 739 Ἀθήνην·

268 761 362 842 βῆ
407 756 478 824 δὲ
521 753 662 824 κατ’
707 760 1095 847 Οὐλύμποιο
1140 765 1451 848 καρήνων
1495 762 1748 843 ἀίξασα.

362 861 637 951 Ἕκτορα
683 863 745 932 δ’
788 864 1104 953 ἀσπερχὲς
1145 871 1441 934 κλονέων
1488 865 1675 953 ἔφεπ’
1719 867 1894 945 ὠκὺς
1931 863 2278 951 Ἀχιλλεύς.

268 970 366 1047 ὡς
412 964 473 1034 δ’
511 972 618 1037 ὅτε
661 974 904 1058 νεβρὸν
950 975 1189 1059 ὄρεσφι
1230 976 1413 1041 κύων
1460 973 1735 1060 ἐλάφοιο
1783 975 2033 1057 δίηται,

271 1077 480 1162 ὄρσας
519 1077 586 1156 ἐξ
631 1077 858 1163 εὐνῆς,
906 1079 1017 1144 διά
1060 1074 1118 1144 τ’
1159 1081 1360 1163 ἄγκεα
1403 1078 1514 1146 καὶ
1559 1081 1671 1146 διὰ
1715 1082 1991 1164 βήσσας·
2180 1092 2282 1142 190

273 1182 396 1247 τὸν
441 1179 501 1249 δ’
540 1189 609 1250 εἴ
643 1183 767 1269 πέρ
811 1207 883 1249 τε
926 1185 1177 1270 λάθῃσι
1220 1184 1627 1268 καταπτήξας
1669 1185 1800 1251 ὑπὸ
1845 1186 2116 1272 θάμνῳ,

273 1288 446 1355 ἀλλά
488 1287 542 1354 τ’
587 1289 956 1377 ἀνιχνεύων
1000 1290 1149 1356 θέει
1194 1291 1511 1374 ἔμπεδον,
1558 1292 1738 1377 ὄφρα
1781 1314 1896 1357 κεν
1943 1290 2131 1376 εὕρῃ·

274 1389 368 1471 ὥς
407 1392 658 1482 Ἕκτωρ
688 1378 788 1462 οὐ
832 1400 1001 1480 λῆθε
1048 1397 1354 1463 ποδώκεα
1400 1399 1771 1480 Πηλεΐωνα.

273 1499 514 1566 ὁσσάκι
559 1498 618 1566 δ’
661 1502 969 1588 ὁρμήσειε
1013 1503 1287 1569 πυλάων
1331 1502 1782 1588 Δαρδανιάων

275 1610 507 1674 αντίον
552 1607 893 1693 ἀίξασθαι,
947 1608 1316 1694 ἐυδμήτους
1360 1608 1490 1674 ὑπὸ
1535 1609 1863 1693 πύργους,
2183 1622 2284 1672 195

156 1804 160 1809 ᾗ
276 1719 346 1779 εἴ
380 1714 522 1791 πως
566 1717 635 1780 οἰ
671 1716 1103 1801 καθύπερθεν
1149 1714 1498 1781 ἀλάλκοιεν
1543 1713 1909 1799 βελέεσσιν,

276 1820 552 1885 τοσσάκι
595 1845 707 1904 μιν
751 1821 1210 1907 προπάροιθεν
1256 1804 1753 1907 ἀποστρέψασκε
1796 1818 2158 1907 παραφθὰς

277 1928 445 2010 πρὸς
486 1927 747 2010 πεδίον,
794 1927 992 2004 αὐτὸς
1038 1922 1112 1991 δὲ
1154 1923 1308 1993 ποτὶ
1350 1929 1617 2005 πτόλιος
1659 1921 1869 1993 πέτετ’
1911 1927 2056 1990 αἰεί.

279 2033 370 2109 ὡς
417 2026 481 2098 δ’
524 2031 597 2098 ἐν
641 2031 877 2120 ὀνείρῳ
922 2031 1006 2097 οὐ
1052 2031 1332 2098 δύναται
1377 2032 1713 2117 φεύγοντα
1761 2031 2051 2096 διώκειν·

280 2131 423 2202 οὔτ’
456 2133 561 2222 ἄρ’
597 2135 633 2202 ὁ
668 2137 784 2202 τὸν
824 2137 1102 2202 δύναται
1136 2136 1545 2221 ὑποφεύγειν
1583 2132 1740 2201 οὔθ’
1783 2135 1819 2200 ὁ
1859 2136 2147 2201 διώκειν·
2185 2150 2289 2200 200

281 2238 376 2328 ὧς,
408 2242 446 2308 ὁ
480 2243 601 2308 τὸν
638 2244 718 2308 οὐ
755 2245 1003 2309 δύνατο
1048 2243 1304 2329 μάρψαι
1348 2240 1548 2308 ποσὶν
1595 2236 1743 2307 οὐδ’
1786 2240 1859 2319 ὃς
1903 2240 2152 2320 ἀλύξαι.

279 2359 419 2427 πῶς
466 2348 545 2415 δέ
583 2372 698 2415 κεν
741 2347 990 2436 Ἕκτωρ
1034 2358 1240 2434 κῆρας
1285 2345 1697 2433 ὑπεξέφυγεν
1739 2347 2094 2431 θανάτοιο,

281 2457 346 2522 εἰ
386 2457 474 2539 μή
520 2455 591 2521 οἰ
627 2457 928 2540 πύματόν
971 2479 1042 2520 τε
1086 2453 1196 2521 καὶ
1239 2456 1529 2521 ὕστατον
1559 2451 1786 2548 χήντετ’
1845 2452 2181 2522 Ἀπόλλων

281 2561 594 2645 ἐγγύθεν,
641 2562 714 2639 ὅς
759 2561 831 2627 οἱ
869 2561 1120 2648 ἐπῶρσε
1166 2559 1364 2647 μένος
1408 2560 1700 2646 λαιψηρά
1742 2585 1813 2627 τε
1856 2569 2096 2644 γοῦνα·

283 2672 543 2732 λαοῖσιν
589 2664 651 2732 δ’
704 2664 975 2733 ἀνένευε
1018 2671 1298 2753 καρήατι
1343 2668 1486 2745 δῖος
1525 2662 1884 2752 Ἀχιλλεύς,
2188 2683 2291 2734 205

283 2769 430 2837 οὐδ’
485 2775 558 2838 ἔα
605 2770 857 2857 ἱέμεναι
903 2771 1010 2840 ἐπὶ
1037 2766 1304 2860 Ἕκτορι
1347 2774 1547 2860 πικρὰ
1591 2772 1904 2858 βέλεμνα,

283 2881 373 2963 μή
417 2902 517 2956 τις
560 2881 762 2958 κῦδος
805 2882 1033 2966 ἄροιτο
1079 2880 1325 2964 βαλών,
1370 2880 1408 2946 ὁ
1456 2876 1531 2945 δὲ
1576 2880 1884 2965 δεύτερος
1927 2881 2134 2945 ἔλθοι.

286 2980 427 3049 ἀλλ’
480 2984 588 3050 ὅτε
635 2987 717 3070 δὴ
762 2987 838 3052 τὸ
881 2984 1196 3071 τέταρτον
1241 2983 1349 3051 ἐπὶ
1392 2986 1724 3071 κρουνοὺς
1768 2984 2115 3070 ἀφίκοντο,

283 3087 394 3155 καὶ
436 3093 584 3157 τότε
631 3093 712 3176 δὴ
759 3093 1032 3178 χρύσεια
1074 3093 1289 3177 πατὴρ
1335 3091 1615 3158 ἐτίταινε
1657 3091 1974 3174 τάλαντα,

286 3195 360 3261 ἐν
405 3191 467 3263 δ’
516 3198 723 3264 ἐτίθει
771 3198 895 3263 δύο
939 3204 1098 3281 κῆρε
1142 3194 1534 3280 τανηλεγέος
1577 3196 1931 3280 θανάτοιο,
2192 3214 2297 3264 210

284 3303 407 3386 τὴν
453 3298 574 3387 μὲν
613 3300 978 3388 Ἀχιλλῆος,
1022 3304 1144 3386 τὴν
1191 3298 1253 3368 δ’
1290 3299 1602 3386 Ἕκτορος
1648 3303 2075 3386 ἱπποδάμοιο,

285 3406 429 3474 ἕλκε
477 3406 552 3474 δὲ
597 3406 806 3493 μέσσα
852 3409 1108 3493 λαβών·
1145 3407 1301 3493 ῥέπε
1349 3405 1411 3473 δ’
1447 3406 1761 3493 ’Έκτορος
1796 3413 2062 3490 αἴσιμον
2098 3403 2295 3489 ἦμαρ,

285 3511 488 3600 ᾤχετο
537 3510 610 3578 δ’.
654 3515 748 3589 εἰς
785 3508 1030 3597 Ἀίδαο,
1077 3516 1268 3578 λίπεν
1316 3511 1395 3578 δέ
1436 3511 1471 3578 ἑ
1519 3515 1764 3594 Φοῖβος
1802 3509 2153 3573 Ἀπόλλων.
