2525 3884
1003 157 1304 210 muoz
1337 158 1480 210 xv1.
2123 156 2207 222 69

202 304 484 383 θρῆνυν
526 296 628 385 ἐφ’
681 298 1080 383 ἑπταπόδην,
1126 302 1273 365 λίπε
1320 297 1387 365 δ’
1439 305 1616 388 ἴκρια
1658 301 1820 384 νηὸς
1866 301 2059 386 ἐίσης.

207 402 382 469 ἔνθ’
426 400 525 492 ἄρ’
574 406 611 471 ὅ
655 403 720 490 γ’
775 404 1028 490 ἑστήκει
1074 403 1535 490 δεδοκημένος,
1581 408 1760 492 ἔγχει·
1798 401 1869 471 δ’
1919 405 2048 473 αἰεὶ
2105 424 2212 474 ‘180

210 513 454 595 Τρῶας
491 512 699 596 ἄμυνε
742 522 937 594 νεῶν,
984 511 1057 588 ὅς
1099 534 1199 589 τις
1243 510 1439 596 φέροι
1483 511 1814 596 ἀκάματον
1856 521 2016 598 πῦρ·

202 613 355 681 αἰεὶ
395 613 467 682 δὲ
508 618 840 704 σμερδνὸν
884 618 1104 701 βοόων
1148 622 1481 683 Δαναοῖσι
1523 616 1816 683 κέλευεν·

208 717 328 804 »ὦ
370 724 547 806 φίλοι
590 724 801 809 ἥρωες
842 726 1126 805 Δαναοί,
1169 724 1580 817 θεράποντες
1604 721 1867 810 Ἄρηος,

205 826 444 913 ἀνέρες
483 830 646 912 ἔστε,
695 832 901 914 φίλοι,
946 830 1294 912 μνήσασθε
1336 826 1412 894 δὲ
1454 831 1777 916 θούριδος
1821 830 2045 914 ἀλκῆς·

204 928 305 1015 ἦέ
340 933 515 1010 τινάς
560 957 779 1019 φαμεν
823 929 995 1000 εἶναι
1040 934 1452 1021 ἀοσσητῆρας
1496 935 1770 1020 ὀπίσσω,
2109 952 2211 1002 ’136

201 1034 305 1121 ἦέ
338 1062 403 1104 τι
440 1051 651 1124 τεῖχος
694 1041 940 1126 ἄρειον,
988 1041 1026 1106 ὅ
1069 1035 1135 1105 κ’
1186 1040 1470 1128 ἀνδράσι
1514 1044 1743 1126 λοιγὸν
1789 1042 2063 1127 ἀμύναις

206 1144 303 1210 οὐ
346 1143 464 1229 μέν
504 1169 568 1211 τι
613 1147 855 1230 σχεδόν
895 1146 1036 1212 ἐστι
1078 1150 1272 1225 πόλις
1313 1147 1592 1233 πύργοις
1635 1147 1938 1233 ἀραρυῖα,

204 1241 255 1336 ᾖ
302 1246 368 1316 κ’
414 1250 944 1337 ἀπαμυναίμεσθ’
996 1250 1343 1338 ἑτεραλκέα
1389 1254 1602 1337 δῆμον
1647 1255 1931 1338 ἔχοντες·

132 1390 137 1395 ·
205 1352 362 1422 ἀλλ’
409 1358 480 1424 έν
523 1360 649 1444 γὰρ
693 1359 942 1445 Τρώων
985 1360 1189 1446 πεδίῳ
1235 1360 1411 1425 πύκα
1455 1361 1886 1444 θωρηκτάων,

201 1465 432 1551 πόντῳ
474 1465 864 1550 κεκλιμένοι,
910 1463 1059 1543 ἑκὰς
1101 1467 1321 1550 ἥμεθα
1365 1466 1681 1550 πατρίδος
1725 1471 1896 1549 αἴης·
2110 1482 2214 1533 740

205 1578 307 1657 τῷ
355 1569 427 1636 ἐν
470 1568 654 1656 χερσὶ
698 1574 899 1656 φόως,
945 1571 1028 1637 οὐ
1075 1575 1358 1658 μειλιχίῃ
1403 1570 1782 1657 πολέμοιο.“

298 1670 344 1759 ἦ
386 1673 494 1740 καὶ
539 1677 854 1760 μαιμώων
898 1671 1090 1761 ἔφεπ’
1141 1679 1321 1761 ἔγχει·
1361 1677 1675 1756 ὀξυόεντι.

205 1782 285 1858 ὅς
330 1804 428 1859 τις
473 1776 547 1847 δὲ
598 1783 845 1866 Τρώων
888 1785 1115 1868 κοίλῃς
1160 1780 1264 1848 ἐπὶ
1310 1781 1509 1866 νηυσὶ
1555 1783 1822 1870 φέροιτο

202 1890 342 1953 σὺν
385 1886 546 1975 πυρὶ
587 1878 847 1975 κηλείῳ,
893 1889 1088 1974 χάριν
1118 1886 1432 1974 Ἕκτορος
1477 1889 1894 1975 ὀτρύναντος,

203 1996 333 2077 τὸν
380 1991 445 2059 δ’
496 2000 667 2071 Αἴας
711 1994 989 2060 οὔτασκε
1035 1993 1430 2080 δεδεγμένος
1472 1995 1650 2078 ἔγχει·
1690 2003 1915 2082 μακρῷ
1935 2013 1949 2030 ·
2111 2010 2214 2060 ‘145

208 2099 468 2165 δώδεκα
513 2095 590 2165 δὲ
632 2100 1048 2186 προπάροιθε
1091 2110 1266 2166 νεῶν
1313 2098 1717 2183 αὐτοσχεδὸν
1761 2093 1939 2164 οὖτα.

1004 2330 1424 2340 ———-—

883 2537 1390 2613 ΙΛΙΑΔΟΣ
1457 2539 1558 2613 Π.

964 2800 1477 2884 Πατρόκλεια.

305 2934 391 3017 ὧς
435 2938 508 3005 οί
545 2934 668 3023 μὲν
710 2936 863 3023 περὶ
904 2939 1064 3023 νηὸς
1109 2937 1496 3023 ἐυσσέλμοιο
1542 2938 1856 3023 μάχοντο·

138 3048 188 3112 'x‘
219 3045 595 3131 Πάτροκλος
640 3040 702 3110 δ’
739 3038 982 3129 Ἀχιλῆι
1026 3047 1385 3130 παρίστατο
1429 3041 1693 3127 ποιμένι
1737 3047 1917 3108 λαῶν

222 3151 468 3236 δάκρυα
508 3150 729 3235 θερμὰ
772 3148 941 3237 χέων
985 3149 1074 3225 ὥς
1115 3171 1186 3215 τε
1229 3151 1439 3234 κρήνη
1485 3148 1921 3234 μελάνυδρος,
1965 3210 1972 3231 ,,
1993 3197 2012 3229 3
2052 3196 2110 3238 ,3

119 3276 124 3285 ’
218 3258 258 3340 ἥ
300 3279 368 3321 τε
410 3253 553 3321 κατ’
596 3258 921 3340 αἰγίλιπος
964 3254 1203 3341 πέτρης
1247 3256 1582 3340 δνοφερὸν
1626 3254 1760 3338 χέει
1801 3246 2028 3338 ὕδωρᾷ

219 3363 332 3428 τὸν
377 3359 450 3427 δὲ
496 3363 658 3428 ἰδὼν
704 3360 969 3450 ᾤκτειρε
1011 3361 1346 3446 ποδάρκης
1393 3361 1534 3437 δῖος
1573 3345 1931 3444 Ἀχιλλεύς,
2182 3372 2215 3419 5

221 3471 332 3535 καί
338 3492 345 3497 ‘
367 3492 482 3555 μιν
528 3469 840 3552 φωνήσας
884 3470 1038 3533 ἔπεα
1082 3469 1435 3552 πτερόεντα
1480 3465 1853 3549 προσηύδα·
