2525 3884
995 178 1297 290 ωΑΔοέ
1332 239 1477 293 m.
2116 238 2240 304 187

227 373 446 461 ἦλθεν
489 376 676 466 ’Ἀρει
719 377 1095 466 ἐπίκουρος,
1142 379 1276 468 ἐμῷ
1323 379 1507 464 μένει
1550 380 1903 448 ἀντιόωσα·

226 491 325 571 τῷ
369 507 488 550 κεν
532 485 615 568 δὴ
659 485 862 551 πάλαι
904 486 1108 571 ἄμμες
1151 485 1583 571 ἐπαυσάμεθα
1625 487 2004 574 πτολέμοιο,

226 588 446 655 Ἴλιον
491 590 946 677 ἐκπέρσαντες,
993 592 1381 677 ἐυκτίμενον
1424 594 1889 677 πτολίεθρον.“

322 690 442 777 [ὥς
485 697 688 786 φάτο,
732 697 1044 782 μείδησεν
1089 693 1165 763 δὲ
1207 697 1368 781 θεά,
1415 699 1819 776 λευκώλενος
1855 697 2078 786 ”Ηρη.]

227 802 444 887 αὐτὰρ
482 796 861 868 Ἀπόλλωνα
903 801 1205 889 προσέφη
1251 805 1494 890 κρείων
1538 803 1941 890 ἐνοσίχθων·
2137 821 2239 872 485

225 911 518 992 ,,Φοῑβε,
563 911 635 973 τί
670 904 712 991 ἦ
759 910 841 993 δὴ
886 919 1012 974 νῶι
1056 907 1433 995 διέσταμεν;
1482 906 1640 977 οὐδὲ
1683 913 1899 976 ἔοικεν

226 1013 573 1098 ἀρξάντων
619 1012 886 1100 ἑτέρων·
930 1015 1006 1079 τὸ
1049 1010 1173 1099 μὲν
1218 1021 1511 1101 αἴσχιον,
1556 1023 1637 1083 αἴ
1669 1012 1731 1082 κ’
1782 1014 2063 1104 ἀμαχητὶ

225 1125 421 1204 ἴομεν
468 1120 935 1203 Οὔλυμπόνδε,
982 1120 1151 1197 Διὸς
1191 1119 1346 1186 ποτὶ
1388 1120 1787 1207 χαλκοβατὲς
1831 1125 1946 1189 δῶ.

224 1227 416 1311 ἄρχε·
462 1228 547 1292 σὺ
590 1226 718 1310 γὰρ
759 1235 1038 1311 γενεῆφι
1079 1228 1427 1313 νεώτερος·
1472 1227 1554 1293 οὐ
1597 1230 1724 1314 γὰρ
1771 1228 1923 1313 ἐμοί
1961 1251 2036 1313 γε

159 1339 166 1346 ’
223 1334 463 1415 καλόν,
510 1329 650 1397 ἐπεὶ
693 1334 1011 1419 πρότερος
1055 1335 1348 1418 γενόμην
1392 1331 1503 1399 καὶ
1544 1337 1822 1399 πλείονα
1866 1329 2034 1399 οἶδα.
2132 1352 2237 1402 440

222 1435 520 1521 νηπύτι’,
566 1437 657 1514 ὡς
700 1437 907 1501 ἄνοον
949 1436 1234 1520 κραδίην
1279 1439 1450 1521 ἔχες·
1496 1436 1658 1504 οὐδέ
1696 1462 1784 1504 νυ
1827 1450 1963 1505 τῶν
2006 1461 2129 1527 περ

222 1544 544 1629 μέμνηαι,
590 1544 713 1608 ὅσα
760 1543 842 1626 δὴ
888 1542 1196 1625 πάθομεν
1238 1544 1406 1609 κακὰ
1448 1541 1660 1609 Ἴλιον
1706 1542 1911 1629 ἀμφὶς

224 1659 470 1735 μοῦνοι
513 1660 639 1714 νῶι
679 1654 893 1732 θεῶν,
940 1645 1035 1713 ὅτ’
1079 1648 1383 1737 ἀγήνορι.
1403 1649 1820 1734 Λαομέδοντι

220 1756 360 1842 πὰρ
405 1756 574 1833 Διὸς
617 1755 927 1832 ἐλθόντες
967 1755 1389 1840 θητεύσαμεν
1435 1757 1529 1834 εἰς
1574 1756 1882 1823 ἐνιαυτὸν

222 1867 451 1951 μισθῷ
497 1864 603 1926 ἔπι
648 1860 825 1948 ῥητῷ
836 1909 856 1944 ,
903 1860 940 1925 ὁ
988 1856 1062 1925 δὲ
1107 1864 1449 1944 σημαίνων
1495 1861 1849 1929 ἐπέτελλεν.
2130 1880 2234 1930 445

221 1964 266 2052 ἦ
314 1989 418 2033 τοι
463 1967 592 2051 ἐγὼ
643 1968 938 2054 Τρώεσσι
981 1968 1177 2032 πόλιν
1222 1966 1374 2054 πέρι
1415 1978 1629 2051 τεῖχος
1673 1970 1898 2052 ἔδειμα

223 2073 393 2157 εὐρύ
434 2095 505 2138 τε
547 2070 659 2138 καὶ
702 2073 876 2158 μάλα
918 2074 1154 2154 καλόν,
1200 2068 1291 2135 ἵν’
1347 2073 1669 2159 ἄρρηκτος
1712 2075 1901 2151 πόλις
1945 2081 2073 2158 εἴη·

230 2164 469 2263 Φοῖβε,
515 2180 600 2243 σὺ
645 2176 706 2242 δ’
749 2178 1085 2254 εἰλίποδας
1127 2175 1347 2254 ἕλικας
1389 2179 1553 2259 βοῦς
1596 2176 2061 2262 βουκολέεσκες

225 2285 413 2368 Ἴδης
456 2283 530 2351 ἐν
574 2294 884 2368 κνημοῖσι
928 2283 1354 2366 πολυπτύχου
1399 2280 1740 2366 ὑληέσσης.

223 2389 371 2457 ἀλλ’
415 2391 522 2456 ὅτε
568 2390 651 2473 δὴ
697 2396 969 2473 μισθοῖο
1014 2386 1200 2465 τέλος
1241 2387 1654 2471 πολυγηθέες
1698 2384 1865 2475 ὧραι
1946 2433 1950 2437 -
2129 2409 2233 2460 450

224 2496 571 2581 ἐξέφερον,
615 2497 760 2561 τότε
803 2505 929 2559 νῶι
971 2495 1245 2578 βιήσατο
1292 2494 1543 2577 μισθὸν
1587 2494 1842 2561 ἅπαντα

227 2600 596 2686 Λαομέδων
640 2603 988 2683 ἔκπαγλος,
1033 2599 1388 2682 ἀπειλήσας
1433 2597 1495 2663 δ’
1540 2598 1930 2686 ἀπέπεμπεν.

226 2710 358 2773 σὺν
399 2703 522 2792 μὲν
567 2707 604 2772 ὅ
647 2704 707 2789 γ’
750 2705 1060 2789 ἠπείλησε
1104 2706 1314 2783 πόδας
1356 2703 1468 2771 καὶ
1509 2718 1734 2792 χεῖρας
1777 2708 2073 2795 ὕπερθεν

228 2814 486 2898 δήσειν,
533 2811 646 2878 καὶ
687 2813 937 2897 περάαν
981 2813 1207 2895 νήσων
1253 2813 1360 2877 ἔπι
1404 2814 1863 2896 τηλεδαπάων·

226 2929 458 2988 στεῦτο
496 2917 558 2984 δ’
593 2919 630 2985 ὅ
665 2916 726 3001 γ’
764 2916 1155 3002 ἀμφοτέρων
1184 2916 1592 3002 ἀπολεψέμεν
1619 2918 1828 2983 οὔατα
1853 2924 2091 3007 χαλκῷ.
2126 2937 2229 2988 455

224 3037 351 3092 νῶι
396 3023 477 3091 δέ
514 3022 569 3090 τ’
614 3026 901 3109 ἄψορροι
943 3026 1173 3108 κίομεν
1216 3026 1554 3106 κεκοτηότι
1598 3030 1825 3111 θυμῷ,

225 3139 480 3219 μισθοῦ
520 3133 873 3217 χωόμενοι,
919 3131 1038 3195 τὸν
1080 3128 1371 3206 ὑποστὰς
1416 3128 1539 3194 οὐκ
1583 3128 1934 3196 ἐτέλεσσεν.

224 3247 363 3329 τοῦι
394 3238 476 3322 δὴ
519 3247 650 3303 νῦν
696 3243 914 3302 λαοῖσι
958 3234 1182 3321 φέρεις
1225 3237 1452 3322 χάριν,
1500 3231 1658 3301 οὐδὲ
1702 3235 1852 3321 μεθ’
1894 3236 2116 3323 ἡμέων

224 3353 449 3432 πειρᾷ,
496 3344 584 3422 ὥς
626 3367 699 3410 κε
751 3348 969 3429 Τρῶες
1012 3342 1410 3430 ὑπερφίαλοι
1456 3341 1830 3408 ἀπόλωνται
2223 3355 2232 3365 ·

223 3454 482 3539 πρόχνυ
524 3461 739 3528 κακῶς
783 3452 910 3514 σὺν
954 3447 1141 3514 παισὶ
1184 3447 1296 3514 καὶ
1342 3450 1599 3533 αἰδοίῃς
1644 3449 2045 3532 ἀλόχοισιν.“
2126 3465 2229 3514 460

313 3559 433 3622 τὸν
480 3553 540 3621 δ’
587 3550 742 3620 αὖτε
788 3555 1173 3640 προσέειπεν
1218 3554 1382 3632 ἄναξ
1429 3553 1736 3638 ἑκάεργος
1791 3553 2149 3617 Ἀπόλλων·
