2525 3884
259 193 343 256 14
1019 216 1024 221 ·
1045 192 1347 244 ΙΔΙΑΔΟΣ
1383 192 1446 243 N.

252 335 345 413 ἂψ
391 336 632 412 ἵππους
677 333 970 416 στρέψαι.
1059 337 1178 399 τὸν
1224 328 1288 399 δ’
1330 332 1701 418 Ἀντίλοχος
1745 334 2156 419 μενεχάρμης

254 438 446 525 δουρὶ
492 440 695 524 μέσον
739 442 1065 525 περόνησε
1110 441 1357 524 τυχών·
1404 436 1549 505 οὐδ’
1600 441 1835 525 ἤρκεσε
1876 438 2105 526 θώρηξ

250 546 549 630 χάλκεος,
597 546 677 610 ὃν
723 545 1069 630 φορέεσκε,
1116 545 1280 631 μέσῃ
1328 539 1391 610 δ’
1442 545 1515 610 ἐν
1559 544 1826 630 γαστέρι
1870 544 2088 630 πῆξεν.

253 651 459 736 αὐτὰρ
507 653 544 717 ὅ
587 650 649 734 γ’
703 651 1097 736 ἀσθμαίνων
1142 651 1444 735 ἐυεργέος
1489 653 1717 716 ἔκπεσε
1763 652 2043 736 δίφρου,

252 758 491 835 ἵππους
536 755 597 822 δ’
642 752 1012 842 Ἀντίλοχος
1055 758 1449 842 μεγαθύμου
1494 756 1832 843 Νέστορος
1873 759 2019 834 υίὸς
2151 773 2261 823 400

252 862 511 949 ἐξέλασε
563 865 812 949 Τρώων
856 857 998 948 μετ’
1049 863 1447 948 ἐυκνήμιδας
1485 860 1800 948 Ἀχαιούς.

342 973 692 1055 Δηίφοβος
738 962 813 1034 δὲ
857 970 1029 1054 μάλα
1073 971 1314 1054 σχεδὸν
1357 971 1615 1052 ἤλυθεν
1654 964 2052 1055 Ἰδομενῆος,

245 1070 466 1141 Ἀσίου
511 1076 897 1161 ἀχνύμενος,
943 1073 1053 1140 καὶ
1098 1076 1401 1141 ἀκόντισε
1448 1073 1642 1161 δουρὶ
1687 1084 1959 1162 φαεινῷ.

252 1178 394 1246 ἀλλ’
448 1181 484 1247 ὁ
530 1179 653 1266 μὲν
700 1183 861 1246 ἄντα
901 1182 1066 1246 ἰδὼν
1112 1181 1393 1264 ἠλεύατο
1439 1182 1716 1266 χάλκεον
1762 1185 1951 1265 ἔγχος

244 1284 640 1372 Ἰδομενεύς·
685 1288 959 1372 κρύφθη
1005 1289 1133 1373 γὰρ
1169 1282 1283 1353 ὑπ’
1334 1288 1563 1353 ἀσπίδι
1605 1283 1879 1353 πάντοσ’
1933 1287 2107 1373 ἐίσῃ,
2150 1303 2257 1354 405

251 1393 374 1476 τὴν
420 1390 523 1476 ἄρ’
579 1395 616 1459 ὅ
660 1417 736 1478 γε
782 1393 1028 1478 ῥινοῖσι
1073 1397 1254 1477 βοών
1297 1393 1408 1459 καὶ
1451 1395 1705 1477 νώροπι
1749 1398 1965 1482 χαλκῷ·

254 1500 542 1582 δινωτὴν
587 1499 937 1586 φορέεσκε,
985 1501 1124 1564 δύω
1169 1494 1517 1565 κανόνεσσ’
1570 1500 1924 1586 ἀραρυῖαν·

250 1613 330 1691 τῇ
375 1605 505 1670 ὕπο
550 1614 675 1682 πᾶς
720 1605 912 1688 ἐάλη,
956 1606 1031 1670 τὸ
1079 1602 1139 1670 δ’
1191 1604 1564 1690 ὑπέρπτατο
1608 1606 1887 1690 χάλκεον
1931 1608 2149 1690 ἔγχος,

250 1708 628 1795 καρφαλέον
674 1708 754 1775 δέ
795 1711 867 1775 οί
905 1708 1098 1787 ἀσπὶς
1142 1709 1610 1798 ἐπιθρέξαντος
1655 1713 1859 1776 ἅυσεν

250 1819 498 1900 ἔγχεος·
545 1810 693 1881 οὐδ’
743 1816 933 1881 ἅλιόν
978 1815 1063 1900 ῥα
1107 1819 1375 1902 βαρείης
1419 1818 1635 1902 χειρὸς
1678 1817 1962 1902 ἀφῆκεν,
2153 1834 2257 1882 410

252 1916 396 1987 ἀλλ’
447 1916 628 2006 ἔβαλ’
669 1918 1058 2004 Ἱππασίδην
1092 1918 1427 2008 Ὑψήνορα
1471 1921 1752 2006 ποιμένα
1797 1928 1977 1988 λαῶν

250 2022 426 2114 ἧπαρ
469 2027 600 2094 ὑπὸ
644 2028 1023 2112 πραπίδων,
1069 2022 1265 2114 εἶθαρ
1313 2025 1373 2093 δ’
1424 2025 1557 2094 ὑπὸ
1603 2024 1877 2112 γούνατ’
1929 2031 2183 2095 ἔλυσεν.

252 2136 602 2219 Δηίφοβος
647 2131 709 2199 δ’
761 2136 1086 2217 ἔκπαγλον
1134 2133 1444 2212 ἐπεύξατο
1501 2135 1754 2220 μακρὸν
1801 2134 2035 2212 ἀύσας·

251 2240 381 2323 ,,οὐ
425 2241 556 2324 μὰν
603 2235 745 2304 αὖτ’
796 2242 1012 2317 ἄτιτος
1055 2234 1216 2305 κεῖτ’
1248 2239 1503 2323 Ἄσιος,
1551 2239 1716 2305 ἀλλά
1760 2239 1799 2305 ἔ
1837 2265 2008 2325 φημι
2207 2310 2212 2311 ff

254 2346 347 2422 εἰς
371 2343 600 2422 ’Ἀιδός
641 2366 764 2431 περ
811 2348 996 2411 ἰόντα
1040 2346 1376 2433 πυλάρταο
1422 2357 1765 2432 κρατεροῖο
2153 2363 2257 2411 415

252 2453 579 2536 γηθήσειν
622 2452 786 2517 κατὰ
828 2455 1082 2536 θυμόν,
1129 2452 1277 2518 ἐπεί
1316 2452 1400 2534 ῥά
1445 2453 1516 2517 οί
1556 2454 1784 2518 ὤπασα
1807 2453 2153 2536 ·πομπόν.“

342 2551 430 2634 ὧς
466 2544 677 2642 ἔφατ’,
719 2552 1069 2643 Ἀργείοισι
1115 2553 1177 2623 δ’
1228 2560 1385 2643 ἄχος
1430 2552 1640 2641 γένετ’
1693 2556 2106 2643 εὐξαμένοιο,

247 2660 597 2752 Ἀντιλόχῳ
645 2660 719 2729 δὲ
763 2664 1043 2746 μάλιστα
1090 2665 1410 2747 δαΐφρονι
1451 2666 1678 2748 θυμὸν
1723 2666 1973 2750 ὄρινεν·

253 2764 397 2834 ἀλλ’
447 2764 593 2837 οὐδ’
643 2769 1008 2855 ἀχνύμενός
1049 2790 1172 2854 περ
1220 2767 1336 2834 ἑοῦ
1382 2767 1705 2854 ἀμέλησεν
1751 2769 2044 2855 ἑταίρου,

254 2875 419 2941 ἀλλὰ
461 2873 648 2941 θέων
691 2878 925 2960 περίβη
971 2876 1087 2940 καί
1127 2875 1198 2940 οί
1235 2876 1436 2952 σάκος
1480 2876 1966 2961 ἀμφεκάλυψεν.
2153 2893 2257 2943 420

256 2983 403 3063 [τὸν
447 2979 568 3066 μὲν
613 2978 824 3046 ἔπειθ’
875 2978 1209 3047 ὑποδύντε
1255 2982 1394 3047 δύω
1442 2981 1697 3068 ἐρίηρες
1740 2982 2019 3069 ἑταῖροι,

252 3090 633 3171 Μηκιστεὺς
670 3084 911 3172 Ἐχίοιο
955 3087 1110 3164 πάις
1151 3085 1262 3153 καὶ
1309 3089 1451 3164 δῖος
1488 3082 1843 3175 Ἀλάστωρ,

251 3202 417 3279 νῆας
461 3196 567 3259 ἔπι
608 3194 956 3280 γλαφυρὰς
999 3191 1288 3281 φερέτην
1332 3190 1539 3279 βαρέα
1584 3196 1981 3280 στενάχοντα
1993 3197 2036 3276 ·]

245 3297 616 3384 Ἰδομενεὺς
660 3295 723 3364 δ’
777 3300 859 3364 οὐ
904 3305 1060 3384 λῆγε
1105 3298 1304 3386 μένος
1348 3296 1543 3384 μέγα,
1590 3300 1724 3365 ἵετο
1771 3297 1834 3365 δ’
1886 3298 2013 3366 αἰεὶ

249 3403 327 3489 ἠέ
370 3428 520 3472 τινα
572 3406 821 3491 Τρώων
857 3405 1168 3491 ἐρεβεννῇ
1213 3403 1404 3471 νυκτὶ
1445 3406 1735 3484 καλύψαι
2153 3423 2257 3472 425

251 3511 292 3595 ἢ
339 3512 536 3593 αὐτὸς
582 3512 911 3599 δουπῆσαι
954 3511 1227 3596 ἀμύνων
1274 3511 1503 3594 λοιγὸν
1539 3504 1837 3596 Ἀχαιοῖς.
