2525 3884
289 287 293 291 .
323 239 406 303 86
1109 236 1411 292 ΙΛΙΑΔοΣ
1447 236 1520 288 Π.

323 382 719 465 ὀφθαλμοὺς
763 379 950 465 ῥῖνάς
992 374 1066 445 θ’
1083 400 1098 415 ·
1146 379 1182 445 ὁ
1229 375 1304 443 δὲ
1348 377 1464 456 λὰξ
1512 378 1583 444 ἐν
1629 379 1904 461 στήθεσι
1949 379 2211 461 βαίνων

322 486 395 551 ἐκ
439 488 636 572 χροὸς
681 485 825 552 ἕλκε
873 487 1069 572 δόρυ,
1114 483 1309 571 προτὶ
1355 481 1429 549 δὲ
1474 482 1713 568 φρένες
1757 483 1932 571 αὐτῷ
1977 482 2257 549 ἕποντο*

321 603 462 657 τοῖο
515 590 579 657 δ’
622 592 754 677 ἅμα
798 595 1017 677 ψυχήν
1061 615 1130 656 τε
1175 589 1285 656 καὶ
1330 593 1549 675 ἔγχεος
1593 586 1842 674 έξέρυσ’
1884 590 2145 675 αἰχμήν.
2228 604 2334 654 505

321 699 756 784 Μυρμιδόνες
803 693 865 764 δ’
909 698 1114 763 αὐτοῦ
1160 696 1409 781 σχέθον
1454 697 1693 773 ἵππους
1738 698 2190 823 φυσιόωντας,

326 802 626 889 ἱεμένους
671 803 1068 888 φοβέεσθαι,
1116 800 1254 868 ἐπεὶ
1300 806 1494 866 λίπον
1539 796 1772 886 ἅρματ’
1812 801 2131 867 ἀνάκτων.
2143 802 2272 902 {mj
2290 811 2384 855 ²7!

414 911 688 997 Γλαύκῳ
738 907 797 975 δ’
844 910 1036 974 αι’νὸν
1081 910 1237 992 άχος
1280 906 1504 991 γένετο
1550 913 1855 992 φθογγῆς
1898 907 2140 972 ἀίοντι·

312 1014 588 1099 «ὠρίνθη
638 976 715 1080 δέ
758 1017 828 1080 ot·
865 1010 1056 1099 ἦτορ,
1105 1014 1141 1079 ο
1177 1012 1234 1078 τ’
1281 1013 1364 1078 οὐ
1410 1014 1655 1078 δύνατο
1700 1021 2137 1097 προσαμῦναι.

321 1118 489 1204 χειρὶ
537 1117 601 1185 δ’
646 1118 814 1186 ἑλὼν
860 1120 1066 1199 ἐπίεζε
1111 1123 1459 1205 βραχίονα·
1503 1130 1675 1202 τεῖρε
1717 1121 1845 1203 γὰρ
1891 1119 2096 1184 αὐτὸν
2222 1135 2327 1184 510

325 1225 541 1309 ἕλκος,
589 1226 623 1292 ὃ
673 1228 755 1310 δή
801 1251 916 1312 μιν
969 1230 1254 1310 Τεῦκρος
1300 1225 1744 1310 ἐπεσσύμενον
1789 1224 1988 1308 βάλεν
2034 1226 2111 1313 ἰῷ

330 1335 575 1417 τείχεος
617 1331 933 1415 ὑψηλοῖο,
981 1331 1148 1417 ἀρὴν
1197 1329 1527 1416 ἑτάροισιν
1572 1330 1859 1415 ἀμύνων.

327 1436 679 1521 εὐχόμενος
726 1436 784 1501 δ’
830 1440 955 1523 ἄρα
1001 1433 1183 1503 εἶπεν
1231 1435 1521 1524 ἑκηβόλῳ
1563 1430 1948 1502 Ἀπόλλωνι·

326 1548 603 1626 ,,κλῦθι,
650 1543 844 1627 ἄναξ,
891 1545 963 1620 ὅς
1007 1565 1138 1608 που
1182 1545 1435 1626 Λυκίης
1479 1542 1553 1608 ἐν
1596 1544 1778 1611 πίονι
1823 1543 2008 1629 δήμῳ

325 1649 417 1724 εἲς
459 1648 501 1732 ’ἢ
547 1646 647 1713 ἐνὶ
700 1652 932 1734 Τροίῃ·
985 1649 1269 1713 δύνασαι
1315 1644 1389 1714 δὲ
1434 1650 1519 1713 σὺ
1563 1646 1836 1713 πάντοσ’
1880 1647 2147 1714 ἀκούειν
2220 1664 2322 1713 515

323 1750 510 1838 ἀνέρι
554 1751 926 1841 κηδομένῳ,
973 1755 1061 1830 ὡς
1105 1762 1233 1818 νῦν
1279 1749 1390 1838 ἐμὲ
1433 1755 1633 1837 κῆδος
1679 1754 1902 1819 ἱκάνει.

325 1857 510 1935 ἕλκος
563 1854 686 1943 μὲν
741 1860 866 1944 γὰρ
923 1862 1046 1944 ἔχω
1091 1860 1243 1925 τόδε
1287 1861 1636 1945 καρτερόν,
1692 1857 1860 1943 ἀμφὶ
1907 1857 1987 1924 δέ
2026 1882 2138 1943 μοι
2182 1856 2323 1945 χεὶρ

328 1963 540 2050 ὀξείῃς
585 1964 907 2050 ὀδύνῃσιν
952 1965 1286 2048 ἐλήλαται,
1335 1964 1498 2031 οὐδέ
1536 1988 1649 2050 μοι
1694 1957 1853 2048 αἷμα

323 2080 633 2155 τερσῆναι
679 2071 986 2154 δύναται,
1033 2071 1317 2156 βαρύθει
1364 2069 1444 2136 δέ
1482 2094 1594 2155 μοι
1641 2065 1817 2154 ὦμος
1859 2066 1969 2134 ὑπ’
2016 2070 2242 2135 αὐτοῦ·

327 2179 515 2260 ἔγχος
552 2170 614 2242 δ’
648 2175 729 2241 οὐ
766 2177 1053 2262 δύναμαι
1090 2187 1275 2261 σχεῖν
1312 2177 1625 2261 ἔμπεδον,
1667 2172 1825 2241 οὐδὲ
1861 2176 2183 2260 μάχεσθαι
2219 2192 2320 2242 520

327 2281 546 2347 ἐλθὼν
593 2281 1080 2366 δυσμενέεσσιν.
1126 2282 1296 2368 ἀνὴρ
1344 2280 1405 2346 δ’
1449 2283 1726 2365 ὤριστος
1771 2282 2049 2365 ὄλωλεν,

324 2387 708 2471 Σαρπηδὼν
752 2389 919 2464 Διὸς
961 2389 1131 2465 υἱός·
1178 2387 1214 2453 ὁ
1261 2382 1324 2452 δ’
1368 2383 1512 2453 οὐδ’
1559 2382 1640 2453 οὗ
1685 2388 1919 2464 παιδὸς
1962 2386 2211 2471 ἀμύνει.

327 2492 492 2557 ἀλλὰ
537 2493 621 2558 σύ
664 2491 786 2577 πέρ
831 2517 975 2577 μοι,
1021 2493 1212 2576 ἅναξ,
1258 2494 1410 2558 τόδε
1449 2494 1769 2579 καρτερὸν
1804 2491 1992 2569 ἕλκος
2026 2494 2319 2577 ἄκεσσαι,

326 2600 647 2682 κοίμησον
694 2595 754 2663 δ’
798 2598 1072 2681 ὀδύνας,
1119 2600 1234 2674 δὸς
1280 2595 1353 2664 δὲ
1395 2598 1663 2683 κράτος,
1711 2592 1866 2684 ὄφρ’
1908 2596 2234 2683 ἑτάροισιν

326 2707 714 2788 κεκλόμενος
757 2707 1109 2769 Λυκίοισιν
1155 2692 1494 2788 ἐποτρύνω
1539 2706 1939 2788 πολεμίζειν,
2218 2719 2319 2768 525

329 2810 527 2886 αὐτός
570 2806 626 2873 τ’
670 2807 839 2895 ἀμφὶ
882 2808 1070 2875 νέκυι
1112 2816 1603 2892 κατατεθνηῶτι
1646 2809 2012 2894 μάχωμαι.“

416 2910 505 2992 ὧς
540 2912 723 3000 ἔφατ’
767 2916 1148 3001 εὐχόμενος,
1193 2924 1316 2980 τοῦ
1353 2912 1413 2981 δ’
1458 2918 1646 2980 ἔκλυε
1692 2918 1938 2999 Φοῖβος
1974 2909 2319 2982 Ἀπόλλων.

330 3021 562 3087 αὐτίκα
605 3018 803 3087 παῢσ’
847 3022 1122 3104 ὀδύνας,
1171 3020 1298 3086 ἀπὸ
1347 3018 1408 3086 δ’
1452 3020 1671 3098 ἕλκεος
1716 3019 2063 3106 ἀργαλέοιο

331 3118 488 3211 αἷμα
534 3125 739 3211 μέλαν
782 3125 1087 3212 τέρσηνε,
1134 3124 1330 3211 μένος
1376 3125 1455 3192 δέ
1495 3126 1566 3192 οἱ
1606 3128 1844 3209 ἔμβαλε
1887 3132 2105 3214 θυμῷ.

331 3236 627 3310 Γλαῦκος
672 3227 734 3298 δ’
775 3236 944 3317 ἔγνω
990 3224 1146 3319 ᾗσιν
1191 3230 1292 3298 ἐνὶ
1338 3234 1569 3317 φρεσί,
1614 3230 1914 3316 γήθησέν
1956 3254 2057 3315 τε,
2220 3247 2317 3298 530

330 3340 469 3407 ὅττι
515 3339 586 3405 οἰ
626 3334 742 3404 ὦκ’
784 3341 1027 3424 ἤκουσε
1073 3337 1273 3424 μέγας
1316 3338 1476 3414 θεὸς
1521 3336 1923 3433 εὐξαμένοιο.

330 3456 553 3532 πρῶτα
598 3442 720 3532 μὲν
766 3447 1059 3533 ὤτρυνεν
1102 3448 1375 3511 Λυκίων
1417 3443 1744 3529 ἡγήτορας
1788 3444 2064 3529 ἄνδρας,

329 3554 539 3641 πάντῃ
589 3554 1038 3639 ἐποιχόμενος,
1086 3553 1525 3639 Σαρπηδόνος
1570 3550 2095 3636 ἀμφιμάχεσθαι·
