2525 3884
209 204 336 269 198
1013 203 1315 258 ΙΛΙΑΔΟΣ
1350 205 1418 258 X.

202 347 244 432 ἢ
290 350 465 433 χιόνι
510 358 730 434 ψυχρῇ
774 348 816 433 ἢ
864 347 929 428 ἐξ
973 349 1215 426 ὕδατος
1256 349 1660 436 κρυστάλλῳ.

205 457 374 520 ἔνθα
423 448 484 519 δ’
526 452 625 520 ἐπ’
669 454 933 520 αὐτάων
975 452 1219 520 πλυνοὶ
1263 451 1486 541 εὐρέες
1531 454 1725 538 ἐγγὺς
1770 455 1957 519 ἔασιν

203 556 394 626 καλοὶ
438 561 718 642 λαΐνεοι,
764 560 881 625 ὅθι
928 561 1154 645 εἵματα
1191 562 1580 644 σιγαλόεντα

202 667 575 732 πλύνεσκον
627 666 877 751 Τρώων
922 666 1151 751 ἄλοχοι
1194 670 1397 732 καλαί
1432 690 1504 731 τε
1547 667 1877 752 θύγατρες
2112 681 2215 732 155

203 771 278 837 τὸ
323 768 482 857 πρὶν
527 764 626 837 ἐπ’
669 773 964 857 εἰρήνης,
1010 768 1169 857 πρὶν
1215 770 1440 837 ἐλθεῖν
1483 762 1633 848 υἷας
1670 767 1966 856 Ἀχαιῶν.

204 886 283 963 τῇ
329 877 415 963 ῥα
457 874 998 963 παραδραμέτην,
1045 877 1347 962 φεύγων,
1394 876 1432 943 ὁ
1470 871 1533 942 δ’
1575 878 1817 943 ὄπισθε
1862 876 2152 942 διώκων·

205 986 462 1068 πρόσθε
498 979 620 1067 μὲν
656 982 897 1060 ἐσθλὸς
933 985 1201 1067 ἔφευγε,
1240 984 1437 1048 δίωκε
1465 981 1544 1048 δέ
1574 1006 1691 1067 μιν
1718 977 1861 1067 μέγ’
1895 982 2218 1068 ἀμείνων,

204 1092 656 1177 καρπαλίμως,
703 1087 843 1155 ἐπεὶ
889 1088 1008 1175 οὐχ
1048 1089 1300 1176 ἰερήιον
1347 1086 1503 1157 οὐδὲ
1549 1092 1778 1173 βοείην

206 1195 588 1281 ἀρνύσθην,
633 1195 677 1260 ἅ
720 1217 792 1261 τε
835 1193 1080 1261 ποσσὶν
1125 1193 1363 1261 ἀέθλια
1405 1198 1704 1279 γίγνεται
1748 1195 2046 1279 ἀνδρῶν,
2113 1211 2218 1261 160

205 1301 371 1367 ἀλλὰ
413 1298 565 1386 περὶ
609 1309 822 1386 ψυχῆς
864 1299 1033 1367 θέον
1075 1299 1392 1388 Ἕκτορος
1436 1301 1854 1386 ἱπποδάμοιο.

205 1406 294 1484 ὡς
339 1403 400 1471 δ’
445 1400 541 1472 ὅτ’
583 1406 994 1493 ἀεθλοφόροι
1036 1404 1188 1492 περὶ
1230 1404 1515 1492 τέρματα
1560 1407 1859 1491 μώνυχες
1902 1406 2090 1472 ἵπποι

205 1511 417 1598 ῥίμφα
462 1513 635 1597 μάλα
678 1524 1007 1598 τρωχῶσι·
1051 1514 1126 1579 τὸ
1175 1510 1249 1578 δὲ
1295 1513 1461 1597 μέγα
1506 1523 1714 1578 κεῖται
1758 1514 2036 1596 ἄεθλον,

202 1617 244 1701 ἢ
289 1621 520 1703 τρίπος
563 1615 640 1702 ἠὲ
683 1621 887 1703 γυνή,
934 1618 1179 1706 ἀνδρὸς
1227 1623 1793 1703 κατατεθνηῶτος·

202 1718 294 1791 ὧς
334 1724 426 1788 τὼ
470 1721 613 1806 τρὶς
657 1724 988 1809 Πριάμοιο
1032 1727 1228 1790 πόλιν
1272 1727 1801 1811 περιδινηθήτην
2115 1741 2219 1791 165

203 1832 671 1914 καρπαλίμοισι
714 1829 1017 1894 πόδεσσι·
1061 1828 1213 1895 θεοὶ
1258 1829 1338 1896 δέ
1377 1854 1447 1896 τε
1492 1831 1731 1908 πάντες
1777 1830 2045 1914 ὁρῶντο.

207 1946 380 2002 τοῖσι
427 1933 501 2001 δὲ
546 1936 787 2021 μύθων
831 1931 989 2023 ἦρχε
1033 1937 1244 2021 πατὴρ
1293 1936 1561 2022 ἀνδρῶν
1603 1960 1675 2003 τε
1717 1942 1903 2003 θεῶν
1945 1956 2043 2002 τε·

208 2041 307 2125 ,,ὢ
352 2045 585 2124 πόποι,
629 2037 672 2125 ἦ
719 2044 921 2126 φίλον
967 2042 1178 2128 ἀνδρα
1225 2043 1634 2127 διωκόμενον
1679 2040 1831 2127 περὶ
1873 2052 2085 2127 τεῖχος

208 2146 663 2234 ὀφθαλμοῖσιν
709 2147 990 2233 ὁρῶμαι·
1037 2148 1196 2233 ἐμὸν
1242 2146 1305 2214 δ’
1350 2148 1750 2235 ὀλοφύρεται
1793 2143 1955 2234 ἦτορ

203 2251 546 2340 Ἕκκτορος,
592 2253 665 2331 ὅς
709 2277 824 2338 μοι
866 2256 1078 2320 πολλὰ
1121 2258 1302 2339 βοῶν
1347 2252 1453 2321 ἐπὶ
1497 2253 1682 2340 μηρί’
1726 2257 1917 2338 ἔκηεν
2116 2269 2220 2318 170

210 2357 396 2442 Ἴδης
441 2359 514 2424 ἐν
557 2368 893 2446 κορυφῇσι
933 2361 1391 2446 πολυπτύχου,
1437 2361 1669 2426 ἄλλοτε
1716 2354 1778 2425 δ’
1820 2354 1975 2425 αὖτε

207 2465 280 2530 ἐν
325 2466 514 2530 πόλει
558 2465 910 2552 ἀκροτάτῃ·
952 2474 1082 2532 νῦν
1128 2461 1289 2532 αὖτέ
1329 2464 1363 2532 ἑ
1407 2467 1551 2544 δῖος
1588 2464 1919 2551 Ἀχιλλεὺς

208 2572 374 2638 ἄστυ
418 2570 569 2657 πέρι
615 2571 950 2656 Πριάμοιο
994 2569 1193 2637 ποσὶν
1237 2570 1540 2657 ταχέεσσι
1587 2573 1827 2639 διώκει.

206 2671 350 2743 ἀλλ’
392 2678 579 2761 ἄγετε
625 2676 988 2763 φράζεσθε,
1031 2678 1214 2759 θεοί,
1258 2674 1371 2743 καὶ
1416 2677 1810 2762 μητιάασθε,

205 2782 285 2867 ἠέ
324 2807 441 2867 μιν
487 2782 559 2848 ἐκ
602 2780 926 2846 θανάτοιο
972 2782 1318 2866 σαώσομεν
1363 2777 1445 2865 ἦέ
1484 2806 1600 2866 μιν
1643 2783 1773 2865 ἤδη
2114 2797 2219 2847 175

207 2889 504 2975 Πηλεΐδῃ
545 2882 791 2973 Ἀχιλῆι
837 2887 1258 2973 δαμάσσομεν
1304 2888 1551 2955 ἐσθλὸν
1597 2888 1855 2953 ἐόντα.“

291 2996 411 3060 τὸν
457 2992 518 3059 δ’
564 2989 718 3059 αὖτε
763 2993 1111 3081 προσέειπε
1154 2992 1314 3077 θεά,
1360 2998 1737 3076 γλαυκῶπις
1774 2987 2049 3078 Ἀθήνη·

207 3096 303 3182 „ab
348 3100 550 3187 πάτερ
596 3097 1029 3186 ἀργικέραυνε
1073 3097 1485 3185 κελαινεφές,
1533 3091 1679 3166 οἷον
1724 3101 1958 3176 ἔειπες·

208 3208 420 3292 ἄνδρα
462 3206 721 3290 θνητὸν
767 3205 986 3288 έόντα,
1032 3206 1235 3271 πάλαι
1278 3204 1708 3290 πεπρωμένον
1755 3211 1940 3290 αἴσῃ,

194 3310 300 3390 ἂψ
348 3311 602 3390 ἐθέλεις
645 3312 968 3377 θανάτοιο
1017 3310 1337 3397 δυσηχέος
1382 3312 1807 3389 έξαναλῦσαι;
2117 3328 2217 3377 180

205 3414 345 3501 ἕρδ’
364 3437 380 3453 ·
427 3416 588 3502 ἀτὰρ
635 3416 717 3482 ού
759 3439 865 3481 τοι
908 3416 1146 3494 πάντες
1190 3415 1576 3502 ἐπαινέομεν
1619 3414 1772 3482 θεοὶ
1816 3417 2069 3483 ἄλλοι.“

295 3523 417 3607 τὴν
464 3517 524 3590 δ’
567 3521 1087 3607 ἀπαμειβόμενος
1141 3520 1443 3608 προσέφη
1498 3520 1977 3608 νεφεληγερέτα
2023 3524 2217 3601 Ζεύς·
