2525 3884
212 217 343 282 262
1000 220 1303 272 ΙΛΙΑΔΟΣ
1338 219 1407 274 Ω.

212 373 466 446 πρῶται
507 366 627 428 τόν
671 356 735 447 γ’
775 365 1013 449 ἄλοχός
1056 385 1126 427 τε
1171 365 1333 447 φίλη
1379 360 1491 428 καὶ
1535 364 1771 429 πότνια
1817 365 2025 448 μήτηρ
2118 380 2222 430 710

211 466 600 552 τιλλέσθην,
648 466 748 534 ἐπ’
792 467 1045 554 ἄμαξαν
1092 468 1410 553 ἐύτροχον
1456 468 1743 553 ἀίξασαι,

212 571 572 658 ἁπτόμεναι
615 580 931 660 κεφαλῆς·
975 579 1224 640 κλαίων
1271 572 1334 639 δ’
1377 571 1745 660 ἀμφίσταθ’
1789 576 2033 660 ὅμιλος.

209 681 329 744 καί
364 680 450 745 νύ
494 702 567 745 κε
614 680 695 763 δὴ
741 683 1004 766 πρόπαν
1047 675 1222 765 ἦμαρ
1271 680 1337 757 ἐς
1380 678 1606 763 ἠέλιον
1649 681 2023 746 καταδύντα

216 780 489 867 Ἕκτορα
536 785 749 870 δάκρυ
794 784 1055 872 χέοντες
1098 786 1426 874 ὀδύροντο
1472 788 1600 873 πρὸ
1651 786 1953 869 πυλάων,

213 892 277 955 εί
315 891 403 974 μὴ
448 885 554 975 ἄρ’
598 891 671 956 ἐκ
715 893 985 976 δίφροιο
1032 891 1248 977 γέρων
1296 897 1514 958 λαοῖσι
1559 892 1877 976 μετηύδα·
2117 910 2219 959 715

211 994 473 1079 ,,εἰ’ξατε’
513 1018 628 1080 μοι
673 997 943 1082 οὐρεῦσι
990 995 1368 1082 διελθέμεν·
1415 998 1621 1083 αὐτὰρ
1667 1000 1887 1064 ἔπειτα

212 1101 458 1166 ἄσεσθε
502 1108 906 1188 κλαυθμοῖο,
952 1103 1117 1187 ἐπὴν
1160 1103 1460 1188 ἀγάγωμι
1507 1104 1858 1188 δόμονδε.“

301 1201 390 1284 ὥς
433 1202 669 1293 ἔφαθ’,
717 1209 787 1274 οἶ
826 1206 901 1275 δὲ
948 1207 1299 1293 διέστησαν
1342 1206 1455 1275 καὶ
1500 1203 1681 1287 εἶξαν
1727 1209 1963 1294 ἀπήνῃ.

213 1313 286 1378 οἰ
324 1310 386 1378 δ’
430 1311 568 1379 ἐπεὶ
605 1315 960 1397 εἰσάγαγον
1003 1316 1208 1380 κλυτὰ
1253 1315 1551 1399 δώματα,
1597 1315 1717 1380 τὸν
1761 1310 1884 1399 μὲν
1929 1316 2149 1379 ἔπειτα

212 1429 475 1503 τρητοῖς
519 1419 592 1485 ἐν
638 1418 931 1505 λεχέεσσι
974 1419 1219 1503 θέσαν,
1265 1421 1443 1506 παρὰ
1488 1417 1550 1484 δ’
1594 1411 1781 1485 εἷσαν
1808 1419 2081 1497 ἀοιδοὺς
2117 1437 2220 1486 ‘120

214 1527 492 1608 θρήνων
538 1525 881 1611 ἐξάρχους,
929 1526 1001 1591 οἵ
1037 1548 1109 1591 τε
1155 1529 1559 1591 στονόεσσαν
1605 1525 1844 1608 ἀοιδὴν

214 1630 285 1695 οἰ
324 1627 447 1715 μὲν
492 1632 574 1715 δὴ
619 1635 946 1718 θρήνεον,
993 1629 1099 1698 ἐπὶ
1144 1628 1217 1697 δὲ
1262 1632 1658 1718 στενάχοντο
1703 1640 2029 1714 γυναῖκες.

210 1744 401 1820 τῇσιν
449 1733 508 1800 δ’
557 1731 965 1821 Ἀνδρομάχη
1011 1736 1419 1813 λευκώλενος
1462 1731 1621 1821 ἦρχε
1665 1738 1884 1819 γόοιο,

211 1840 524 1928 Ἕκτορος
567 1841 1020 1926 ἀνδροφόνοιο
1064 1842 1231 1927 κάρη
1278 1843 1438 1926 μετὰ
1481 1838 1708 1927 χερσὶν
1754 1844 2022 1926 ἔχουσα·

213 1942 449 2033 ,,ἀνερ,
495 1944 605 2012 ἀπ’
650 1949 890 2024 αἰῶνος
933 1944 1084 2023 νέος
1130 1948 1328 2031 ὤλεο,
1373 1949 1500 2013 κάδ
1548 1944 1627 2012 δέ
1665 1971 1745 2032 με
1789 1950 2000 2032 χήρην
2117 1964 2221 2013 ’725

211 2055 456 2130 λείπεις
499 2053 574 2118 ἐν
619 2054 991 2137 μεγάροισι·
1036 2052 1188 2130 πάις
1233 2049 1300 2117 δ’
1344 2055 1440 2118 ἔτι
1483 2054 1721 2135 νήπιος
1765 2053 2007 2135 αὔτως,

215 2159 296 2226 ὃν
338 2158 611 2243 τέκομεν
655 2158 743 2222 σύ
785 2153 841 2221 τ’
886 2157 1013 2241 ἐγώ
1057 2181 1128 2222 τε
1177 2157 1619 2244 δυσάμμοροι,
1668 2155 1833 2223 οὐδέ
1871 2181 1987 2242 μιν
2031 2163 2147 2222 οἴω

212 2265 385 2349 ἥβην
430 2263 714 2343 ἵξεσθαι·
759 2260 919 2348 πρὶν
963 2263 1089 2348 γὰρ
1134 2265 1324 2340 πόλις
1366 2264 1487 2347 ἥδε
1529 2260 1670 2328 κατ’
1715 2263 1919 2349 ἄκρης

212 2370 546 2456 πέρσεται·
590 2364 634 2452 ἦ
677 2369 804 2453 γὰρ
851 2369 1101 2445 ὄλωλας
1147 2368 1527 2453 ἐπίσκοπος,
1575 2369 1648 2446 ὅς
1689 2367 1767 2434 τέ
1805 2392 1921 2455 μιν
1967 2368 2176 2453 αὐτην

214 2475 490 2562 ῥύσκευ,
537 2477 676 2559 ἔχες
722 2471 783 2538 δ’
829 2473 1108 2559 ἀλόχους
1150 2476 1388 2551 κεδνὰς
1430 2473 1542 2540 καὶ
1583 2477 1789 2560 νήπια
1831 2473 2052 2541 τέκνα·
2119 2491 2222 2541 730

214 2585 291 2646 αἳ
331 2582 414 2665 δή
458 2603 562 2646 τοι
604 2580 768 2665 τάχα
812 2577 1055 2663 νηυσὶν
1100 2579 1452 2665 ὀχήσονται
1496 2586 1949 2666 γλαφυρῇσιν,

212 2684 324 2753 καὶ
364 2683 487 2771 μὲν
527 2685 655 2769 ἐγὼ
706 2686 865 2769 μετὰ
910 2694 1087 2770 τῇσι·
1125 2689 1212 2750 σὺ
1254 2682 1318 2751 δ’
1356 2681 1473 2770 αὖ,
1521 2684 1737 2771 τέκος,
1785 2686 1828 2771 ἢ
1864 2684 2011 2771 ἐμοὶ
2058 2686 2224 2772 αὐτῇ

213 2791 433 2875 ἕψεαι,
479 2795 650 2857 ἔνθα
693 2815 809 2857 κεν
855 2793 1015 2875 ἔργα
1060 2790 1279 2864 ἀεικέα
1324 2792 1622 2880 ἐργάζοιο

214 2898 523 2964 ἀθλεύων
567 2899 696 2981 πρὸ
741 2899 1022 2974 ἄνακτος
1064 2897 1432 2983 ἀμειλίχου·
1476 2899 1520 2981 ἤ
1563 2922 1664 2975 τις
1697 2899 1978 2987 Ἀχαιῶν

215 3003 396 3089 ῥίψει
439 3004 658 3089 χειρὸς
702 3001 871 3069 ἑλὼν
907 3004 1034 3069 ἀπὸ
1079 3004 1370 3090 πύργου,
1417 3004 1669 3089 λυγρὸν
1715 3007 2036 3092 ὄλεθρον,
2119 3021 2223 3070 735

212 3113 576 3196 χωόμενος,
623 3101 677 3196 ᾧ
717 3111 800 3193 δή
844 3132 974 3176 που
1020 3109 1349 3195 ἀδελφεὸν
1400 3111 1670 3175 ἔκτανεν
1702 3108 1957 3198 ’Ἕκτωρ

212 3217 254 3301 ἢ
299 3210 524 3303 πατέρ’
574 3211 651 3297 ἠὲ
695 3212 806 3279 καὶ
849 3215 1032 3297 υίόν,
1079 3212 1218 3281 ἐπεὶ
1262 3216 1437 3300 μάλα
1481 3212 1716 3280 πολλοὶ
1754 3211 2031 3300 Ἀχαιῶν

210 3321 524 3409 Ἕκτορος
569 3318 644 3385 ἐν
684 3319 1063 3406 παλάμῃσιν
1107 3318 1266 3399 ὀδὰξ
1312 3319 1467 3386 ἕλον
1513 3322 1798 3386 ἄσπετον
1842 3316 2063 3398 οὖδας.

218 3425 300 3494 ού
340 3430 467 3513 γὰρ
513 3429 802 3512 μείλιχος
845 3428 992 3492 ἔσκε
1035 3428 1247 3512 πατὴρ
1292 3429 1437 3504 τεὸς
1482 3425 1556 3492 ἐν
1603 3427 1721 3492 δαῒ
1760 3432 1969 3513 λυγρῇ
1984 3446 2000 3463 ·

215 3539 304 3620 τῷ
351 3536 469 3598 καί
507 3557 624 3618 μιν
669 3529 819 3596 λαοὶ
863 3529 984 3616 μὲν
1030 3531 1390 3618 ὀδύρονται
1432 3533 1596 3598 κατὰ
1640 3534 1834 3613 ἄστυ,
2120 3549 2225 3599 740
