2525 3884
975 178 1277 230 mAAoz
1313 179 1510 232 xvm.
2118 176 2244 241 129

323 322 446 385 τὸν
492 318 556 385 δ’
602 315 757 387 αὖτε
802 319 1149 406 προσέειπε
1192 320 1568 405 ποδήνεμος
1613 318 1782 385 ὠκέα
1816 311 2000 406 Ἶρις·

222 421 354 508 ,,εὗ
404 451 485 491 νυ
529 424 638 491 καὶ
683 426 870 511 ἡμεῖς
915 427 1134 511 ἴδμεν,
1182 426 1220 491 ὅ
1264 449 1369 491 τοι
1413 428 1617 491 κλυτὰ
1658 423 1867 510 τεύχε’
1914 429 2200 511 ἔχονται·

224 530 378 596 ἀλλ’
422 533 633 610 αὕτως
679 531 782 598 ἐπὶ
827 532 1086 618 τάφρον
1135 533 1255 597 ἰὼν
1312 532 1607 617 Τρώεσσι
1651 533 1942 616 φάνηθι,

224 643 306 702 αἴ
345 636 428 703 κέ
465 636 524 702 σ’
570 639 1044 717 ὑποδείσαντες
1088 638 1507 722 ἀπόσχωνται
1550 636 1863 722 πολέμοιο

230 747 484 828 Τρῶες,
532 744 995 810 ἀναπνεύσωσι
1042 742 1102 809 δ’
1146 743 1367 830 ἀρήιοι
1417 735 1557 821 υἷες
1595 739 1871 829 Ἀχαιῶν
2137 759 2240 809 200

221 853 624 936 τειρόμενοι·
673 850 861 934 ὀλίγη
911 849 988 916 δέ
1026 845 1084 914 τ’
1128 850 1529 928 ἀνάπνευσις
1571 847 1950 934 πολέμοιο.“

315 955 362 1037 ἡ
407 953 527 1041 μὲν
573 948 680 1042 ἄρ’
720 951 809 1034 ὦς
853 953 1106 1022 είποῦσ’
1159 955 1368 1041 ἀπέβη
1415 958 1623 1034 πόδας
1673 954 1843 1022 ὠκέα
1878 947 2064 1042 Ἶρις,

222 1059 442 1144 αὐτὰρ
480 1059 812 1145 Ἀχιλλεὺς
858 1058 1028 1149 ὦρτο
1077 1063 1396 1147 διίφιλος·
1443 1060 1614 1147 ἀμφὶ
1661 1059 1721 1127 δ’
1760 1059 2009 1146 Ἀθήνη

225 1166 438 1250 ὤμοις
482 1169 823 1253 ἰφθίμοισι
867 1166 1014 1252 βάλ’
1057 1169 1282 1251 αἰγίδα
1326 1170 1826 1251 θυσανόεσσαν,

221 1268 404 1355 ἀμφὶ
450 1270 528 1335 δέ
569 1272 640 1337 οἱ
677 1278 930 1356 κεφαλῇ
974 1269 1182 1357 νέφος
1226 1274 1458 1354 ἔστεφε
1507 1271 1617 1335 δῖα
1660 1272 1886 1336 θεάων
2135 1289 2239 1340 205

224 1379 547 1463 χρύσεον,
596 1377 669 1443 ἐκ
714 1374 774 1443 δ’
818 1377 1025 1443 αὐτοῦ
1070 1379 1213 1443 δαῖε
1259 1378 1478 1461 φλόγα
1523 1379 2039 1461 παμφανόωσαν.

223 1480 321 1557 ὡς
370 1479 438 1545 δ’
490 1481 598 1546 ὅτε
643 1484 890 1558 καπνὸς
937 1482 1056 1546 ἰὼν
1103 1480 1169 1559 ἐξ
1215 1481 1446 1557 ἄστεος
1492 1474 1710 1566 αἰθέρ’
1753 1480 1997 1565 ἵκηται,

224 1590 519 1670 τηλόθεν
565 1585 637 1652 ἐκ
680 1589 921 1670 νήσου,
966 1586 1090 1669 τὴν
1137 1587 1314 1669 δήιοι
1359 1585 1887 1672 ἀμφιμάχωνται·

225 1694 303 1758 οἱ
345 1690 419 1758 δὲ
462 1690 857 1776 πανημέριοι
902 1700 1193 1780 στυγερῷ
1240 1696 1584 1779 κρίνονται
1611 1692 1806 1780 ’Ἀρηι

228 1799 464 1875 ἄστεος
508 1797 580 1864 ἐκ
622 1797 974 1884 σφετέρου·
1019 1799 1151 1882 ἅμα
1195 1793 1258 1863 δ’
1301 1798 1499 1888 ἠελίῳ
1543 1800 1900 1866 καταδύντι
2134 1815 2239 1865 210

229 1907 486 1988 πυρσοί
524 1926 594 1969 τε
641 1902 1090 1987 φλεγέθουσιν
1135 1902 1505 1989 ἐπήτριμοι,
1552 1905 1763 1984 ὑψόσε
1811 1904 1872 1970 δ’
1917 1906 2086 1988 αὐγὴ

230 2013 528 2094 γίγνεται
572 2008 924 2093 ἀίσσουσα,
970 2012 1494 2095 περικτιόνεσσιν
1541 2009 1836 2094 ἰδέσθαι,

231 2122 314 2180 αἴ
347 2115 465 2181 κέν
509 2137 647 2192 πως
692 2117 819 2180 σὺν
864 2113 1103 2198 νηυσὶν
1150 2115 1313 2201 ἀρῆς
1357 2115 1667 2199 ἀλκτῆρες
1711 2113 2010 2181 ἵκωνται·

231 2217 325 2301 ὧς
370 2219 477 2287 ἀπ’
524 2217 859 2306 Ἀχιλλῆος
901 2225 1191 2306 κεφαλῆς
1236 2220 1430 2298 σέλας
1475 2219 1691 2307 αἰθέρ’
1744 2221 1987 2288 ἵκανεν.

234 2337 354 2411 στῆ
400 2322 462 2391 δ’
507 2325 610 2392 ἐπὶ
654 2328 912 2413 τάφρον
960 2328 1080 2392 ἰὼν
1125 2325 1251 2391 ἀπὸ
1307 2329 1581 2410 τείχεος,
1638 2324 1784 2392 οὐδ’
1829 2327 1895 2406 ἐς
1943 2326 2243 2414 Ἀχαιοὺς

232 2438 526 2517 μίσγετο·
573 2433 815 2518 μητρὸς
856 2436 983 2519 γὰρ
1028 2434 1314 2517 πυκινὴν
1361 2427 1613 2511 ὠπίζετ’
1656 2434 1957 2519 ἐφετμήν.
2136 2452 2239 2502 216

235 2542 407 2604 ἔνθα
451 2539 606 2615 στὰς
649 2534 829 2621 ἤυσ’,
874 2538 1204 2624 ἀπάτερθε
1250 2535 1326 2604 δὲ
1371 2539 1640 2616 Παλλὰς
1677 2536 1926 2625 Ἀθήνη

235 2642 553 2728 φθέγξατ’
574 2664 589 2681 ·
635 2644 796 2729 ἀτὰρ
850 2645 1186 2728 Τρώεσσιν
1232 2644 1307 2711 έν
1353 2646 1635 2711 ἄσπετον
1683 2641 1855 2728 ὦρσε
1898 2647 2237 2732 κυδοιμόν.

236 2751 325 2828 ὡς
373 2748 433 2815 δ’
478 2747 572 2816 ὅτ’
616 2750 884 2835 ἀριζήλη
932 2753 1152 2835 φωνή,
1201 2751 1309 2816 ὅτε
1352 2745 1411 2814 τ’
1454 2757 1594 2835 ἴαχε
1642 2751 1916 2835 σάλπιγξ

237 2858 401 2921 ἄστυ
446 2854 944 2942 περιπλομένων
991 2856 1200 2939 δηίων
1244 2856 1374 2921 ὕπο
1418 2855 1953 2941 θυμοραϊστέων,
2134 2874 2246 2925 220

238 2958 327 3040 ὧς
369 2958 510 3027 τότ’
551 2962 820 3049 ἀριζήλη
868 2962 1060 3044 φωνὴ
1104 2956 1314 3044 γένετ’
1355 2963 1702 3028 Αἰακίδαο.

239 3069 310 3134 οἰ
350 3064 411 3135 δ’
453 3069 541 3146 ὡς
585 3063 709 3134 οὖν
754 3069 905 3133 ἄιον
952 3069 1079 3132 ὄπα
1122 3068 1401 3151 χάλκεον
1445 3069 1804 3152 Αἰακίδαο,

238 3183 438 3240 πᾶσιν
485 3175 726 3260 ὀρίνθη
771 3176 1016 3258 θυμός·
1062 3172 1222 3259 ἀτάρ
1269 3177 1670 3260 καλλίτριχες
1715 3174 1903 3242 ἵπποι

241 3279 333 3358 ἂψ
378 3281 531 3365 ὄχεα
573 3283 881 3367 τρόπεον·
927 3281 1208 3346 ὄσσοντο
1252 3281 1380 3364 γὰρ
1427 3282 1628 3365 ἄλγεα
1671 3287 1887 3369 θυμῷ.

240 3385 496 3470 ἡνίοχοι
543 3383 604 3450 δ’
649 3389 998 3470 ἔκπληγεν,
1047 3383 1184 3452 ἐπεὶ
1230 3387 1380 3451 ἴδον
1425 3385 1760 3470 ἀκάματον
1803 3396 1937 3471 πῦρ
2137 3402 2243 3451 225

243 3492 466 3558 δεινὸν
510 3489 673 3578 ὑπὲρ
717 3494 1007 3575 κεφαλῆς
1049 3493 1440 3576 μεγαθύμου
1488 3492 1871 3571 Πηλεΐωνος

346 3604 544 3646 Eonmu
568 3605 720 3647 Inus.
744 3605 808 3645 11.
1894 3593 1926 3651 9
2011 3645 2016 3650 .
