2525 3884
1013 181 1316 234 mAAoz
1350 183 1465 238 xv.
2144 182 2232 249 63

208 321 490 403 πρόσσω
536 320 757 406 ίεμένη
774 341 790 358 ·
837 322 874 388 6
922 321 985 388 δ’
1038 324 1168 410 ἄρα
1211 324 1469 408 πρηνὴς
1511 323 1809 410 ἐλιάσθη.

206 425 328 489 τὼ
366 423 480 511 μὲν
521 426 882 513 ἐεισάσθην
922 432 1251 516 χαλκήρεα
1294 425 1501 515 τεύχε’
1551 428 1661 496 ἀπ’
1713 432 1913 516 ῶμων

210 533 559 615 συλήσειν·
588 532 844 619 Ἕκτωρ
891 532 966 601 δὲ
1008 538 1465 621 κασιγνήτοισι
1509 535 1819 604 κέλευσεν
2123 554 2232 606 546

206 645 384 702 πᾶσι
424 638 613 722 μάλα,
658 649 924 723 πρῶτον
969 636 1030 705 δ’
1075 636 1523 725 Ἱκεταονίδην
1565 640 1867 708 ἐνένιπεν

211 748 505 828 ἴφθιμον
548 745 1009 812 Μελάνιππον.
1083 745 1120 811 6
1169 742 1230 811 δ’
1295 748 1473 834 ὄφρα
1518 742 1640 831 μὲν
1685 747 2018 824 εἰλίποδας
2064 749 2232 832 βοῦς

210 846 406 931 βόσκ’
457 850 532 917 ἐν
577 852 919 937 Περκώτῃ,
966 852 1178 935 δηίων
1223 852 1601 937 ἀπονόσφιν
1647 852 1914 918 ἐόντων·

209 954 426 1040 αὐτὰρ
471 954 615 1022 ἐπεὶ
658 962 954 1023 Δαναῶν
997 956 1144 1034 νέες
1186 959 1451 1042 ἤλυθον
1496 958 1943 1044 ἀμφιέλισσαι,

207 1059 312 1139 ἂψ
357 1064 449 1139 εἰς
473 1060 683 1129 Ἴλιον
726 1057 917 1146 ἦλθε,
962 1062 1318 1149 μετέπρεπε
1364 1060 1438 1130 δὲ
1491 1066 1849 1152 Τρώεσσιν,
2119 1079 2225 1131 550

204 1177 362 1232 ναῖε
405 1164 478 1232 δὲ
519 1168 652 1252 πὰρ
698 1170 1002 1258 Πριάμῳ,
1050 1168 1088 1235 6
1137 1166 1218 1235 δέ
1256 1193 1373 1254 μιν
1419 1173 1558 1237 τίεν
1608 1165 1719 1236 ἶσα
1760 1170 2087 1237 τέκεσσιν·

205 1275 332 1337 τόν
377 1268 444 1358 ῤ’
477 1271 729 1360 Ἕκτωρ
776 1273 1097 1358 ἐνένιπεν,
1145 1277 1304 1352 ἔπος
1338 1273 1397 1340 τ’
1445 1275 1634 1360 ἔφατ’
1679 1280 1751 1342 ἔκ
1784 1276 1841 1341 τ’
1887 1277 2226 1364 ὀνόμαζεν·

208 1379 434 1462 ,,οῧτω
480 1380 585 1464 δή,
628 1381 1041 1464 Μελάνιππε,
1088 1377 1504 1466 μεθήσομεν;
1551 1381 1717 1448 οὐδέ
1753 1407 1841 1449 νυ
1887 1385 2005 1448 σοί
2038 1405 2162 1463 περ

206 1483 588 1570 ἐντρέπεται
632 1490 834 1572 φίλον
876 1482 1039 1573 ἦτορ
1085 1487 1367 1565 ἀνεψιοῦ
1409 1485 1789 1572 κταμένοιο;

208 1591 336 1675 οὐχ
380 1590 604 1679 ὁράᾳς,
654 1584 803 1659 οἷον
847 1595 1156 1669 Δόλοπος
1199 1591 1351 1681 περὶ
1396 1591 1610 1678 τεύχε’
1661 1593 1969 1672 ἕπουσινς
2113 1610 2222 1662 656

204 1695 354 1762 ἀλλ’
407 1696 588 1763 ἕπευ·
635 1697 718 1764 οὐ
762 1698 889 1783 γὰρ
934 1692 1024 1762 ἔτ’
1077 1701 1258 1764 ἔστιν
1306 1699 1683 1766 ἀποσταδὸν
1722 1698 2117 1787 Ἀργείοισιν

204 1804 614 1889 μάρνασθαι,
658 1807 819 1890 πρίν
862 1798 925 1888 γ’
964 1800 1051 1887 4ἠὲ
1094 1805 1502 1889 κατακτάμεν
1546 1801 1621 1888 ἠὲ
1663 1801 1804 1872 κατ’
1855 1808 2059 1892 ἄκρης

188 1908 408 1974 ’Ἰλιον
452 1898 757 1995 αἰπεινὴν
802 1908 1009 1976 ἑλέειν
1052 1911 1339 1976 κτάσθαι
1382 1932 1452 1977 τε
1497 1914 1829 1990 πολίτας.“

301 2009 390 2091 ὧς
423 2016 625 2080 εἰπὼν
661 2015 698 2081 6
737 2013 858 2101 μὲν
893 2011 1069 2103 ἦρχ’,
1116 2014 1154 2082 6
1203 2014 1264 2082 δ’
1318 2011 1431 2101 ἅμ’
1474 2016 1707 2082 ἕσπετο
1747 2019 2013 2094 ἰσόθεος
2058 2018 2219 2101 φώς.

197 2116 538 2205 Ἀργείους
581 2119 641 2186 δ’
695 2123 947 2207 ῶτρυνε
993 2121 1193 2207 μέγας
1243 2124 1662 2208 Τελαμώνιος
1705 2127 1899 2198 Αἶας·
2114 2139 2222 2193 560

205 2221 311 2310 »ὦ
354 2230 561 2311 φίλοι,
607 2226 835 2314 ἀνέρες
879 2231 1024 2294 ἔστε
1066 2227 1177 2294 καὶ
1223 2230 1389 2295 αἰδῶ
1434 2223 1638 2294 θέσθ’
1689 2226 1789 2293 ἐνὶ
1833 2234 2054 2317 θυμῷ,

206 2331 536 2415 ἀλλήλους
576 2331 634 2399 τ’
687 2335 986 2400 αἰδεῖσθε
1030 2337 1194 2400 κατὰ
1237 2336 1556 2420 κρατερὰς
1600 2333 1899 2419 ὑσμίνας.

209 2436 581 2522 αἰδομένων
625 2439 891 2527 ἀνδρῶν
934 2439 1209 2518 πλέονες
1253 2444 1403 2507 σόοι
1444 2436 1521 2524 ἠὲ
1563 2439 1919 2525 πέφανται·

209 2545 599 2627 φευγόντων
644 2541 704 2611 δ’
759 2544 898 2610 οὔτ’
950 2545 1035 2632 ἀρ
1088 2546 1279 2623 κλέος
1325 2548 1600 2633 ὄρνυται
1645 2548 1796 2613 οὔτε
1841 2571 1941 2624 τις
1988 2547 2220 2633 ᾀλκή.“

300 2644 388 2726 ὧς
423 2647 652 2734 ἔφαθ’,
700 2651 771 2717 οἰ
803 2647 877 2716 δὲ
910 2650 1022 2717 καὶ
1059 2651 1250 2718 αὐτοὶ
1287 2651 1648 2732 ἀλέξασθαι
1685 2651 2059 2738 μενέαινον,
2111 2670 2218 2722 565

211 2754 285 2821 ἐν
324 2762 524 2844 θυμῷ
572 2750 632 2820 δ’
683 2755 998 2840 ἐβάλοντο
1045 2760 1219 2842 ἔπος,
1265 2758 1603 2846 φράξαντο
1651 2755 1725 2824 δὲ
1768 2766 1932 2842 νῆας

213 2860 388 2946 ἕρκει·
433 2866 710 2950 χαλκείῳ
727 2882 743 2898 ·
791 2861 897 2928 ἐπὶ
944 2859 1017 2929 δὲ
1063 2867 1231 2942 Ζεὺς
1282 2868 1510 2950 Τρῶας
1555 2868 1825 2951 ἔγειρεν.

205 2964 580 3052 Ἀντίλοχον
627 2962 689 3034 δ’
740 2969 994 3054 ὤτρυνε
1039 2970 1205 3052 βοὴν
1252 2969 1507 3054 ἀγαθὸς
1549 2967 1921 3045 Μενέλαος·

214 3068 595 3161 ,,Ἀντίλοχ’,
641 3074 725 3139 οὔ
757 3096 859 3151 τις
904 3085 1043 3141 σεῖο
1088 3075 1410 3161 νεώτερος
1454 3077 1653 3152 ἄλλος
1692 3072 1990 3161 Ἀχαιῶν,

215 3179 362 3244 οὔτε
404 3176 603 3245 ποσὶν
647 3179 926 3246 θάσσων
972 3175 1113 3245 οὔτ’
1163 3183 1435 3265 ἄλκιμος
1479 3181 1568 3258 ὡς
1613 3184 1697 3246 σὺ
1741 3185 2216 3268 μάχεσθαι·670

215 3290 277 3350 εί
309 3284 459 3349 τινά
501 3305 634 3350 που
685 3286 933 3372 Τρώων
978 3284 1328 3369 ἐξάλμενος
1373 3286 1586 3373 ἄνδρα
1630 3288 2028 3371 βάλοισθα.“

295 3385 383 3468 ὥς
425 3391 630 3457 εἰπὼν
676 3391 713 3457 6
760 3389 881 3476 μὲν
927 3386 1113 3470 αὖτις
1156 3390 1516 3474 ἀπέσσυτο,
1570 3394 1690 3458 τὸν
1737 3391 1797 3457 δ’
1850 3394 2209 3478 ὀρόθυνεν·

217 3495 281 3563 ἐκ
324 3490 385 3562 δ’
437 3499 637 3584 ἔθορε
681 3499 1077 3583 προμάχων,
1123 3496 1233 3562 καὶ
1280 3496 1582 3561 ἀκόντισε
1630 3495 1823 3579 δουρὶ
1870 3504 2121 3581 φαεινῷ
