<?xml version="1.0" encoding="UTF-8"?>
<!DOCTYPE html PUBLIC "-//W3C//DTD XHTML 1.0 Transitional//EN"
    "http://www.w3.org/TR/xhtml1/DTD/xhtml1-transitional.dtd">
<html xmlns="http://www.w3.org/1999/xhtml" xml:lang="en" lang="en">
 <head>
  <title>
</title>
<meta http-equiv="Content-Type" content="text/html;charset=utf-8" />
  <meta name='ocr-system' content='tesseract 3.04.00' />
  <meta name='ocr-capabilities' content='ocr_page ocr_carea ocr_par ocr_line ocrx_word'/>
</head>
<body>
  <div class='ocr_page' id='page_1' title='image "./homeriilias00wolfgoog_0140.png"; bbox 0 0 2525 3884; ppageno 0'>
   <div class='ocr_carea' id='block_1_1' title="bbox 323 185 1512 251">
    <p class='ocr_par' dir='ltr' id='par_1_1' title="bbox 323 185 1512 251">
     <span class='ocr_line' id='line_1_1' title="bbox 323 185 1512 251; baseline -0.008 -3"><span class='ocrx_word' id='word_1_1' title='bbox 323 185 448 251; x_wconf 83' lang='lat'><strong><em>128</em></strong></span> <span class='ocrx_word' id='word_1_2' title='bbox 1111 187 1411 240; x_wconf 66' lang='grc' dir='ltr'><strong><em>ῙΔΙΑΔοΣ</em></strong></span> <span class='ocrx_word' id='word_1_3' title='bbox 1448 187 1512 239; x_wconf 79' lang='grc' dir='ltr'><strong><em>Σ.</em></strong></span> 
     </span>
    </p>
   </div>
   <div class='ocr_carea' id='block_1_2' title="bbox 314 326 2317 3264">
    <p class='ocr_par' dir='ltr' id='par_1_2' title="bbox 314 326 2317 3264">
     <span class='ocr_line' id='line_1_2' title="bbox 315 326 2308 416; baseline 0.001 -24"><span class='ocrx_word' id='word_1_4' title='bbox 315 332 432 392; x_wconf 88' lang='grc' dir='ltr'><strong><em>καί</em></strong></span> <span class='ocrx_word' id='word_1_5' title='bbox 466 329 554 393; x_wconf 89' lang='grc' dir='ltr'><strong><em>νύ</em></strong></span> <span class='ocrx_word' id='word_1_6' title='bbox 595 353 712 395; x_wconf 89' lang='grc' dir='ltr'><strong><em>κεν</em></strong></span> <span class='ocrx_word' id='word_1_7' title='bbox 756 328 1059 413; x_wconf 76' lang='grc' dir='ltr'><strong><em>εἴρυσσέν</em></strong></span> <span class='ocrx_word' id='word_1_8' title='bbox 1102 353 1175 395; x_wconf 88' lang='grc' dir='ltr'><strong><em>τε</em></strong></span> <span class='ocrx_word' id='word_1_9' title='bbox 1217 326 1329 395; x_wconf 87' lang='grc' dir='ltr'><strong><em>καὶ</em></strong></span> <span class='ocrx_word' id='word_1_10' title='bbox 1373 331 1658 396; x_wconf 77' lang='grc' dir='ltr'><strong><em>ἄσπετον</em></strong></span> <span class='ocrx_word' id='word_1_11' title='bbox 1701 331 1907 416; x_wconf 77' lang='grc' dir='ltr'><strong><em>ἤρατο</em></strong></span> <span class='ocrx_word' id='word_1_12' title='bbox 1943 329 2174 411; x_wconf 87' lang='grc' dir='ltr'><strong><em>κῦδος,</em></strong></span> <span class='ocrx_word' id='word_1_13' title='bbox 2211 345 2308 394; x_wconf 76' lang='grc'><strong><em>165</em></strong></span> 
     </span>
     <span class='ocr_line' id='line_1_3' title="bbox 316 427 1711 522; baseline 0.001 -25"><span class='ocrx_word' id='word_1_14' title='bbox 316 434 381 498; x_wconf 82' lang='grc' dir='ltr'><strong><em>εί</em></strong></span> <span class='ocrx_word' id='word_1_15' title='bbox 419 432 507 517; x_wconf 86' lang='grc' dir='ltr'><strong><em>μὴ</em></strong></span> <span class='ocrx_word' id='word_1_16' title='bbox 555 436 890 517; x_wconf 90' lang='grc' dir='ltr'><strong><em>Πηλεΐωνι</em></strong></span> <span class='ocrx_word' id='word_1_17' title='bbox 932 436 1305 520; x_wconf 79' lang='grc' dir='ltr'><strong><em>ποδήνεμος</em></strong></span> <span class='ocrx_word' id='word_1_18' title='bbox 1350 434 1519 500; x_wconf 86' lang='grc' dir='ltr'><strong><em>ώκέα</em></strong></span> <span class='ocrx_word' id='word_1_19' title='bbox 1554 427 1711 522; x_wconf 76' lang='grc' dir='ltr'><strong><em>Ἰρις</em></strong></span> 
     </span>
     <span class='ocr_line' id='line_1_4' title="bbox 315 534 2156 626; baseline 0.001 -23"><span class='ocrx_word' id='word_1_20' title='bbox 315 539 590 621; x_wconf 76' lang='grc' dir='ltr'><strong><em>ἄγγελος</em></strong></span> <span class='ocrx_word' id='word_1_21' title='bbox 632 534 801 622; x_wconf 80' lang='grc' dir='ltr'><strong><em>ἦλθε</em></strong></span> <span class='ocrx_word' id='word_1_22' title='bbox 844 534 1077 607; x_wconf 90' lang='grc' dir='ltr'><strong><em>θέουσ’</em></strong></span> <span class='ocrx_word' id='word_1_23' title='bbox 1128 534 1238 606; x_wconf 88' lang='grc' dir='ltr'><strong><em>ἀπ’</em></strong></span> <span class='ocrx_word' id='word_1_24' title='bbox 1275 535 1603 626; x_wconf 80' lang='grc' dir='ltr'><strong><em>Ὀλύμπου</em></strong></span> <span class='ocrx_word' id='word_1_25' title='bbox 1647 542 2156 626; x_wconf 77' lang='grc' dir='ltr'><strong><em>θωρήσσεσθαι,</em></strong></span> 
     </span>
     <span class='ocr_line' id='line_1_5' title="bbox 314 641 2311 731; baseline 0 -23"><span class='ocrx_word' id='word_1_26' title='bbox 314 644 571 729; x_wconf 86' lang='grc' dir='ltr'><strong><em>κρύβδα</em></strong></span> <span class='ocrx_word' id='word_1_27' title='bbox 613 647 782 723; x_wconf 87' lang='grc' dir='ltr'><strong><em>Διὸς</em></strong></span> <span class='ocrx_word' id='word_1_28' title='bbox 824 647 1042 712; x_wconf 69' lang='grc' dir='ltr'><strong><em>ἄλλων</em></strong></span> <span class='ocrx_word' id='word_1_29' title='bbox 1085 669 1156 712; x_wconf 80' lang='grc' dir='ltr'><strong><em>τε</em></strong></span> <span class='ocrx_word' id='word_1_30' title='bbox 1199 653 1410 711; x_wconf 83' lang='grc' dir='ltr'><strong><em>θεῶν·</em></strong></span> <span class='ocrx_word' id='word_1_31' title='bbox 1465 647 1593 731; x_wconf 86' lang='grc' dir='ltr'><strong><em>πρὸ</em></strong></span> <span class='ocrx_word' id='word_1_32' title='bbox 1647 647 1773 731; x_wconf 76' lang='grc' dir='ltr'><strong><em>γὰρ</em></strong></span> <span class='ocrx_word' id='word_1_33' title='bbox 1817 641 1937 730; x_wconf 81' lang='grc' dir='ltr'><strong><em>ἧκέ</em></strong></span> <span class='ocrx_word' id='word_1_34' title='bbox 1975 669 2093 730; x_wconf 91' lang='grc' dir='ltr'><strong><em>μιν</em></strong></span> <span class='ocrx_word' id='word_1_35' title='bbox 2122 642 2311 728; x_wconf 70' lang='grc' dir='ltr'><strong><em>’Ἠρη.</em></strong></span> 
     </span>
     <span class='ocr_line' id='line_1_6' title="bbox 316 747 1999 836; baseline 0 -21"><span class='ocrx_word' id='word_1_36' title='bbox 316 749 524 835; x_wconf 83' lang='grc' dir='ltr'><strong><em>ἀγχοῦ</em></strong></span> <span class='ocrx_word' id='word_1_37' title='bbox 569 747 627 815; x_wconf 90' lang='grc' dir='ltr'><strong><em>δ’</em></strong></span> <span class='ocrx_word' id='word_1_38' title='bbox 675 750 984 836; x_wconf 74' lang='grc' dir='ltr'><strong><em>ἱσταμένη</em></strong></span> <span class='ocrx_word' id='word_1_39' title='bbox 1032 754 1186 817; x_wconf 80' lang='grc' dir='ltr'><strong><em>ἔπεα</em></strong></span> <span class='ocrx_word' id='word_1_40' title='bbox 1230 752 1585 836; x_wconf 87' lang='grc' dir='ltr'><strong><em>πτερόεντα</em></strong></span> <span class='ocrx_word' id='word_1_41' title='bbox 1628 751 1999 834; x_wconf 77' lang='grc' dir='ltr'><strong><em>προσηύδα·</em></strong></span> 
     </span>
     <span class='ocr_line' id='line_1_7' title="bbox 317 853 2312 942; baseline -0.001 -21"><span class='ocrx_word' id='word_1_42' title='bbox 317 858 587 942; x_wconf 81' lang='grc' dir='ltr'><strong><em>,,ὅρσεο,</em></strong></span> <span class='ocrx_word' id='word_1_43' title='bbox 636 858 962 941; x_wconf 83' lang='grc' dir='ltr'><strong><em>Πηλεΐδη,</em></strong></span> <span class='ocrx_word' id='word_1_44' title='bbox 1009 859 1277 923; x_wconf 88' lang='grc' dir='ltr'><strong><em>πάντων</em></strong></span> <span class='ocrx_word' id='word_1_45' title='bbox 1323 853 1740 940; x_wconf 80' lang='grc' dir='ltr'><strong><em>ἐκπαγλότατ’</em></strong></span> <span class='ocrx_word' id='word_1_46' title='bbox 1785 856 2082 942; x_wconf 84' lang='grc' dir='ltr'><strong><em>ἀνδρῶν,</em></strong></span> <span class='ocrx_word' id='word_1_47' title='bbox 2217 871 2312 921; x_wconf 77' lang='grc'><strong><em>170</em></strong></span> 
     </span>
     <span class='ocr_line' id='line_1_8' title="bbox 319 958 2015 1050; baseline -0.001 -24"><span class='ocrx_word' id='word_1_48' title='bbox 319 964 680 1050; x_wconf 76' lang='grc' dir='ltr'><strong><em>Πατρόκλῳ</em></strong></span> <span class='ocrx_word' id='word_1_49' title='bbox 729 962 1095 1047; x_wconf 79' lang='grc' dir='ltr'><strong><em>ἐπάμυνον,</em></strong></span> <span class='ocrx_word' id='word_1_50' title='bbox 1143 958 1225 1027; x_wconf 86' lang='grc' dir='ltr'><strong><em>οὗ</em></strong></span> <span class='ocrx_word' id='word_1_51' title='bbox 1274 962 1489 1028; x_wconf 77' lang='grc' dir='ltr'><strong><em>εἵνεκα</em></strong></span> <span class='ocrx_word' id='word_1_52' title='bbox 1535 960 1821 1045; x_wconf 83' lang='grc' dir='ltr'><strong><em>φύλοπις</em></strong></span> <span class='ocrx_word' id='word_1_53' title='bbox 1865 961 2015 1043; x_wconf 82' lang='grc' dir='ltr'><strong><em>αἰνὴ</em></strong></span> 
     </span>
     <span class='ocr_line' id='line_1_9' title="bbox 318 1063 1993 1151; baseline -0.001 -19"><span class='ocrx_word' id='word_1_54' title='bbox 318 1067 546 1151; x_wconf 77' lang='grc' dir='ltr'><strong><em>ἕστηκε</em></strong></span> <span class='ocrx_word' id='word_1_55' title='bbox 589 1069 718 1151; x_wconf 89' lang='grc' dir='ltr'><strong><em>πρὸ</em></strong></span> <span class='ocrx_word' id='word_1_56' title='bbox 758 1078 953 1134; x_wconf 81' lang='grc' dir='ltr'><strong><em>νεῶν.</em></strong></span> <span class='ocrx_word' id='word_1_57' title='bbox 1027 1068 1096 1134; x_wconf 79' lang='grc' dir='ltr'><strong><em>οἰ</em></strong></span> <span class='ocrx_word' id='word_1_58' title='bbox 1138 1063 1201 1133; x_wconf 90' lang='grc' dir='ltr'><strong><em>δ’</em></strong></span> <span class='ocrx_word' id='word_1_59' title='bbox 1243 1067 1568 1151; x_wconf 80' lang='grc' dir='ltr'><strong><em>ἀλλήλους</em></strong></span> <span class='ocrx_word' id='word_1_60' title='bbox 1611 1064 1993 1149; x_wconf 82' lang='grc' dir='ltr'><strong><em>ὀλέκουσιν,</em></strong></span> 
     </span>
     <span class='ocr_line' id='line_1_10' title="bbox 320 1169 1913 1259; baseline 0 -22"><span class='ocrx_word' id='word_1_61' title='bbox 320 1173 391 1237; x_wconf 80' lang='grc' dir='ltr'><strong><em>οἰ</em></strong></span> <span class='ocrx_word' id='word_1_62' title='bbox 428 1169 550 1257; x_wconf 73' lang='grc' dir='ltr'><strong><em>μὲν</em></strong></span> <span class='ocrx_word' id='word_1_63' title='bbox 591 1172 997 1258; x_wconf 90' lang='grc' dir='ltr'><strong><em>ἀμυνόμενοι</em></strong></span> <span class='ocrx_word' id='word_1_64' title='bbox 1040 1174 1276 1251; x_wconf 85' lang='grc' dir='ltr'><strong><em>νέκυος</em></strong></span> <span class='ocrx_word' id='word_1_65' title='bbox 1319 1172 1468 1259; x_wconf 87' lang='grc' dir='ltr'><strong><em>πέρι</em></strong></span> <span class='ocrx_word' id='word_1_66' title='bbox 1510 1178 1913 1255; x_wconf 76' lang='grc' dir='ltr'><strong><em>τεθνηῶτος,</em></strong></span> 
     </span>
     <span class='ocr_line' id='line_1_11' title="bbox 320 1275 1841 1364; baseline -0.001 -19"><span class='ocrx_word' id='word_1_67' title='bbox 320 1279 391 1345; x_wconf 80' lang='grc' dir='ltr'><strong><em>οἰ</em></strong></span> <span class='ocrx_word' id='word_1_68' title='bbox 429 1275 503 1343; x_wconf 72' lang='grc' dir='ltr'><strong><em>δὲ</em></strong></span> <span class='ocrx_word' id='word_1_69' title='bbox 548 1279 957 1364; x_wconf 80' lang='grc' dir='ltr'><strong><em>ἐρύσσασθαι</em></strong></span> <span class='ocrx_word' id='word_1_70' title='bbox 999 1278 1150 1346; x_wconf 86' lang='grc' dir='ltr'><strong><em>ποτὶ</em></strong></span> <span class='ocrx_word' id='word_1_71' title='bbox 1175 1278 1390 1345; x_wconf 84' lang='grc' dir='ltr'><strong><em>Ἴλιον</em></strong></span> <span class='ocrx_word' id='word_1_72' title='bbox 1434 1278 1841 1362; x_wconf 80' lang='grc' dir='ltr'><strong><em>ἠνεμόεσσαν</em></strong></span> 
     </span>
     <span class='ocr_line' id='line_1_12' title="bbox 326 1381 2310 1471; baseline -0.001 -22"><span class='ocrx_word' id='word_1_73' title='bbox 326 1388 543 1469; x_wconf 82' lang='grc' dir='ltr'><strong><em>Τρῶες</em></strong></span> <span class='ocrx_word' id='word_1_74' title='bbox 586 1385 965 1455; x_wconf 82' lang='grc' dir='ltr'><strong><em>ἐπιθύουσι·</em></strong></span> <span class='ocrx_word' id='word_1_75' title='bbox 1010 1387 1289 1471; x_wconf 88' lang='grc' dir='ltr'><strong><em>μάλιστα</em></strong></span> <span class='ocrx_word' id='word_1_76' title='bbox 1336 1382 1409 1450; x_wconf 78' lang='grc' dir='ltr'><strong><em>δὲ</em></strong></span> <span class='ocrx_word' id='word_1_77' title='bbox 1454 1385 1770 1469; x_wconf 77' lang='grc' dir='ltr'><strong><em>φαίδιμος</em></strong></span> <span class='ocrx_word' id='word_1_78' title='bbox 1815 1381 2069 1470; x_wconf 86' lang='grc' dir='ltr'><strong><em>Ἕκτωρ</em></strong></span> <span class='ocrx_word' id='word_1_79' title='bbox 2218 1399 2310 1447; x_wconf 81' lang='grc'><strong><em>175</em></strong></span> 
     </span>
     <span class='ocr_line' id='line_1_13' title="bbox 322 1488 2103 1576; baseline 0 -21"><span class='ocrx_word' id='word_1_80' title='bbox 322 1488 660 1575; x_wconf 79' lang='grc' dir='ltr'><strong><em>ἑλκέμεναι</em></strong></span> <span class='ocrx_word' id='word_1_81' title='bbox 704 1490 1014 1576; x_wconf 86' lang='grc' dir='ltr'><strong><em>μέμονεν·</em></strong></span> <span class='ocrx_word' id='word_1_82' title='bbox 1059 1492 1357 1576; x_wconf 80' lang='grc' dir='ltr'><strong><em>κεφαλὴν</em></strong></span> <span class='ocrx_word' id='word_1_83' title='bbox 1404 1488 1486 1556; x_wconf 87' lang='grc' dir='ltr'><strong><em>δέ</em></strong></span> <span class='ocrx_word' id='word_1_84' title='bbox 1524 1489 1559 1556; x_wconf 80' lang='grc' dir='ltr'><em>ἕ</em></span> <span class='ocrx_word' id='word_1_85' title='bbox 1597 1491 1819 1574; x_wconf 87' lang='grc' dir='ltr'><strong><em>θυμὸς</em></strong></span> <span class='ocrx_word' id='word_1_86' title='bbox 1862 1489 2103 1573; x_wconf 77' lang='grc' dir='ltr'><strong><em>ἀνώγει</em></strong></span> 
     </span>
     <span class='ocr_line' id='line_1_14' title="bbox 321 1592 2203 1682; baseline 0 -22"><span class='ocrx_word' id='word_1_87' title='bbox 321 1594 515 1679; x_wconf 83' lang='grc' dir='ltr'><strong><em>πῆξαι</em></strong></span> <span class='ocrx_word' id='word_1_88' title='bbox 540 1595 688 1661; x_wconf 45' lang='grc' dir='ltr'><strong><em>’ἀνὰ</em></strong></span> <span class='ocrx_word' id='word_1_89' title='bbox 732 1599 1125 1662; x_wconf 87' lang='grc' dir='ltr'><strong><em>σκολόπεσσι</em></strong></span> <span class='ocrx_word' id='word_1_90' title='bbox 1168 1592 1455 1682; x_wconf 87' lang='grc' dir='ltr'><strong><em>ταμόνθ’</em></strong></span> <span class='ocrx_word' id='word_1_91' title='bbox 1498 1594 1749 1680; x_wconf 81' lang='grc' dir='ltr'><strong><em>ἁπαλῆς</em></strong></span> <span class='ocrx_word' id='word_1_92' title='bbox 1792 1595 1918 1661; x_wconf 90' lang='grc' dir='ltr'><strong><em>ἀπὸ</em></strong></span> <span class='ocrx_word' id='word_1_93' title='bbox 1968 1597 2203 1680; x_wconf 81' lang='grc' dir='ltr'><strong><em>δειρῆς.</em></strong></span> 
     </span>
     <span class='ocr_line' id='line_1_15' title="bbox 320 1697 2308 1787; baseline -0.001 -22"><span class='ocrx_word' id='word_1_94' title='bbox 320 1697 461 1767; x_wconf 86' lang='grc' dir='ltr'><strong><em>ἀλλ’</em></strong></span> <span class='ocrx_word' id='word_1_95' title='bbox 504 1701 661 1784; x_wconf 77' lang='grc' dir='ltr'><strong><em>ἄνα,</em></strong></span> <span class='ocrx_word' id='word_1_96' title='bbox 717 1697 872 1786; x_wconf 88' lang='grc' dir='ltr'><strong><em>μηδ’</em></strong></span> <span class='ocrx_word' id='word_1_97' title='bbox 914 1704 1010 1767; x_wconf 82' lang='grc' dir='ltr'><strong><em>ἔτι</em></strong></span> <span class='ocrx_word' id='word_1_98' title='bbox 1051 1711 1259 1767; x_wconf 79' lang='grc' dir='ltr'><strong><em>κεῖσο·</em></strong></span> <span class='ocrx_word' id='word_1_99' title='bbox 1317 1701 1513 1786; x_wconf 80' lang='grc' dir='ltr'><strong><em>σέβας</em></strong></span> <span class='ocrx_word' id='word_1_100' title='bbox 1563 1702 1644 1766; x_wconf 91' lang='grc' dir='ltr'><strong><em>δέ</em></strong></span> <span class='ocrx_word' id='word_1_101' title='bbox 1682 1718 1758 1768; x_wconf 91' lang='grc' dir='ltr'><strong><em>σε</em></strong></span> <span class='ocrx_word' id='word_1_102' title='bbox 1798 1702 2027 1787; x_wconf 83' lang='grc' dir='ltr'><strong><em>θυμὸν</em></strong></span> <span class='ocrx_word' id='word_1_103' title='bbox 2073 1699 2308 1767; x_wconf 76' lang='grc' dir='ltr'><strong><em>ἱκέσθω</em></strong></span> 
     </span>
     <span class='ocr_line' id='line_1_16' title="bbox 333 1805 2040 1894; baseline 0 -23"><span class='ocrx_word' id='word_1_104' title='bbox 333 1807 711 1893; x_wconf 84' lang='grc' dir='ltr'><strong><em>Πάτροκλον</em></strong></span> <span class='ocrx_word' id='word_1_105' title='bbox 763 1805 1027 1894; x_wconf 71' lang='grc' dir='ltr'><strong><em>Τρῷῃσι</em></strong></span> <span class='ocrx_word' id='word_1_106' title='bbox 1070 1805 1266 1872; x_wconf 87' lang='grc' dir='ltr'><strong><em>κυσὶν</em></strong></span> <span class='ocrx_word' id='word_1_107' title='bbox 1312 1806 1659 1892; x_wconf 83' lang='grc' dir='ltr'><strong><em>μέλπηθρα</em></strong></span> <span class='ocrx_word' id='word_1_108' title='bbox 1702 1806 2040 1890; x_wconf 85' lang='grc' dir='ltr'><strong><em>γενέσθαι·</em></strong></span> 
     </span>
     <span class='ocr_line' id='line_1_17' title="bbox 322 1908 2309 1999; baseline -0.001 -21"><span class='ocrx_word' id='word_1_109' title='bbox 322 1911 428 1978; x_wconf 88' lang='grc' dir='ltr'><strong><em>σοὶ</em></strong></span> <span class='ocrx_word' id='word_1_110' title='bbox 473 1912 682 1997; x_wconf 91' lang='grc' dir='ltr'><strong><em>λώβη,</em></strong></span> <span class='ocrx_word' id='word_1_111' title='bbox 731 1919 808 1978; x_wconf 79' lang='grc' dir='ltr'><strong><em>αἴ</em></strong></span> <span class='ocrx_word' id='word_1_112' title='bbox 841 1910 958 1978; x_wconf 87' lang='grc' dir='ltr'><strong><em>κέν</em></strong></span> <span class='ocrx_word' id='word_1_113' title='bbox 1000 1936 1064 1976; x_wconf 92' lang='grc' dir='ltr'><strong><em>τι</em></strong></span> <span class='ocrx_word' id='word_1_114' title='bbox 1108 1910 1304 1990; x_wconf 88' lang='grc' dir='ltr'><strong><em>νέκυς</em></strong></span> <span class='ocrx_word' id='word_1_115' title='bbox 1345 1908 1761 1997; x_wconf 83' lang='grc' dir='ltr'><strong><em>ᾐσχυμμένος</em></strong></span> <span class='ocrx_word' id='word_1_116' title='bbox 1804 1913 2036 1999; x_wconf 79' lang='grc' dir='ltr'><strong><em>ἔλθῃ.“</em></strong></span> <span class='ocrx_word' id='word_1_117' title='bbox 2217 1926 2309 1978; x_wconf 88' lang='lat'><strong><em>180</em></strong></span> 
     </span>
     <span class='ocr_line' id='line_1_18' title="bbox 406 2012 2191 2104; baseline -0.001 -21"><span class='ocrx_word' id='word_1_118' title='bbox 406 2021 528 2103; x_wconf 81' lang='grc' dir='ltr'><strong><em>τὴν</em></strong></span> <span class='ocrx_word' id='word_1_119' title='bbox 574 2012 636 2084; x_wconf 90' lang='grc' dir='ltr'><strong><em>δ’</em></strong></span> <span class='ocrx_word' id='word_1_120' title='bbox 678 2015 964 2103; x_wconf 81' lang='grc' dir='ltr'><strong><em>ἠμείβετ’</em></strong></span> <span class='ocrx_word' id='word_1_121' title='bbox 1007 2021 1226 2084; x_wconf 81' lang='grc' dir='ltr'><strong><em>ἔπειτα</em></strong></span> <span class='ocrx_word' id='word_1_122' title='bbox 1270 2019 1605 2104; x_wconf 88' lang='grc' dir='ltr'><strong><em>ποδάρκης</em></strong></span> <span class='ocrx_word' id='word_1_123' title='bbox 1648 2018 1794 2095; x_wconf 78' lang='grc' dir='ltr'><strong><em>δῖος</em></strong></span> <span class='ocrx_word' id='word_1_124' title='bbox 1833 2013 2191 2102; x_wconf 81' lang='grc' dir='ltr'><strong><em>Ἀχιλλεύς·</em></strong></span> 
     </span>
     <span class='ocr_line' id='line_1_19' title="bbox 322 2115 2133 2211; baseline -0.001 -23"><span class='ocrx_word' id='word_1_125' title='bbox 322 2115 477 2210; x_wconf 84' lang='grc' dir='ltr'><strong><em>,,Ἰρι</em></strong></span> <span class='ocrx_word' id='word_1_126' title='bbox 521 2125 676 2209; x_wconf 89' lang='grc' dir='ltr'><strong><em>θεά,</em></strong></span> <span class='ocrx_word' id='word_1_127' title='bbox 721 2127 822 2203; x_wconf 88' lang='grc' dir='ltr'><strong><em>τίς</em></strong></span> <span class='ocrx_word' id='word_1_128' title='bbox 864 2124 989 2211; x_wconf 92' lang='grc' dir='ltr'><strong><em>γάρ</em></strong></span> <span class='ocrx_word' id='word_1_129' title='bbox 1036 2141 1112 2190; x_wconf 84' lang='grc' dir='ltr'><strong><em>σε</em></strong></span> <span class='ocrx_word' id='word_1_130' title='bbox 1152 2130 1339 2190; x_wconf 81' lang='grc' dir='ltr'><strong><em>θεῶν</em></strong></span> <span class='ocrx_word' id='word_1_131' title='bbox 1384 2122 1529 2209; x_wconf 86' lang='grc' dir='ltr'><strong><em>ἐμοὶ</em></strong></span> <span class='ocrx_word' id='word_1_132' title='bbox 1572 2125 1855 2208; x_wconf 79' lang='grc' dir='ltr'><strong><em>ἄγγελον</em></strong></span> <span class='ocrx_word' id='word_1_133' title='bbox 1898 2118 2133 2207; x_wconf 82' lang='grc' dir='ltr'><strong><em>ἧκεν;“</em></strong></span> 
     </span>
     <span class='ocr_line' id='line_1_20' title="bbox 407 2220 2074 2316; baseline 0.001 -24"><span class='ocrx_word' id='word_1_134' title='bbox 407 2230 526 2295; x_wconf 88' lang='grc' dir='ltr'><strong><em>τὸν</em></strong></span> <span class='ocrx_word' id='word_1_135' title='bbox 572 2226 634 2294; x_wconf 91' lang='grc' dir='ltr'><strong><em>δ’</em></strong></span> <span class='ocrx_word' id='word_1_136' title='bbox 678 2225 834 2295; x_wconf 81' lang='grc' dir='ltr'><strong><em>αὖτε</em></strong></span> <span class='ocrx_word' id='word_1_137' title='bbox 878 2227 1224 2316; x_wconf 84' lang='grc' dir='ltr'><strong><em>προσέειπε</em></strong></span> <span class='ocrx_word' id='word_1_138' title='bbox 1266 2230 1640 2313; x_wconf 89' lang='grc' dir='ltr'><strong><em>ποδήνεμος</em></strong></span> <span class='ocrx_word' id='word_1_139' title='bbox 1684 2228 1855 2294; x_wconf 81' lang='grc' dir='ltr'><strong><em>ὠκέα</em></strong></span> <span class='ocrx_word' id='word_1_140' title='bbox 1888 2220 2074 2315; x_wconf 85' lang='grc' dir='ltr'><strong><em>Ἶρις·</em></strong></span> 
     </span>
     <span class='ocr_line' id='line_1_21' title="bbox 322 2330 1926 2422; baseline -0.001 -22"><span class='ocrx_word' id='word_1_141' title='bbox 322 2330 523 2418; x_wconf 73' lang='grc' dir='ltr'><strong><em>,ζἨρη</em></strong></span> <span class='ocrx_word' id='word_1_142' title='bbox 571 2358 650 2418; x_wconf 84' lang='grc' dir='ltr'><strong><em>με</em></strong></span> <span class='ocrx_word' id='word_1_143' title='bbox 693 2333 1001 2422; x_wconf 86' lang='grc' dir='ltr'><strong><em>προέηκε,</em></strong></span> <span class='ocrx_word' id='word_1_144' title='bbox 1047 2336 1217 2413; x_wconf 86' lang='grc' dir='ltr'><strong><em>Διὸς</em></strong></span> <span class='ocrx_word' id='word_1_145' title='bbox 1259 2335 1471 2421; x_wconf 81' lang='grc' dir='ltr'><strong><em>κυδρὴ</em></strong></span> <span class='ocrx_word' id='word_1_146' title='bbox 1516 2335 1926 2420; x_wconf 79' lang='grc' dir='ltr'><strong><em>παράκοιτις·</em></strong></span> 
     </span>
     <span class='ocr_line' id='line_1_22' title="bbox 324 2426 2317 2524; baseline 0.001 -19"><span class='ocrx_word' id='word_1_147' title='bbox 324 2434 469 2505; x_wconf 87' lang='grc' dir='ltr'><strong><em>οὐδ’</em></strong></span> <span class='ocrx_word' id='word_1_148' title='bbox 513 2435 653 2505; x_wconf 87' lang='grc' dir='ltr'><strong><em>οἶδε</em></strong></span> <span class='ocrx_word' id='word_1_149' title='bbox 696 2442 1033 2524; x_wconf 87' lang='grc' dir='ltr'><strong><em>Κρονίδης</em></strong></span> <span class='ocrx_word' id='word_1_150' title='bbox 1075 2440 1394 2524; x_wconf 80' lang='grc' dir='ltr'><strong><em>ὑψίζυγος</em></strong></span> <span class='ocrx_word' id='word_1_151' title='bbox 1439 2439 1604 2506; x_wconf 83' lang='grc' dir='ltr'><strong><em>οὐδέ</em></strong></span> <span class='ocrx_word' id='word_1_152' title='bbox 1639 2463 1739 2516; x_wconf 88' lang='grc' dir='ltr'><strong><em>τις</em></strong></span> <span class='ocrx_word' id='word_1_153' title='bbox 1782 2441 1980 2517; x_wconf 69' lang='grc' dir='ltr'><strong><em>ἄλλος</em></strong></span> <span class='ocrx_word' id='word_1_154' title='bbox 2032 2426 2035 2431; x_wconf 38' lang='grc'><strong><em>’</em></strong></span> <span class='ocrx_word' id='word_1_155' title='bbox 2224 2458 2317 2507; x_wconf 82' lang='lat'><strong><em>185</em></strong></span> 
     </span>
     <span class='ocr_line' id='line_1_23' title="bbox 323 2543 2218 2630; baseline 0.001 -21"><span class='ocrx_word' id='word_1_156' title='bbox 323 2545 707 2627; x_wconf 74' lang='grc' dir='ltr'><strong><em>ἀθανάτων,</em></strong></span> <span class='ocrx_word' id='word_1_157' title='bbox 755 2547 827 2609; x_wconf 84' lang='grc' dir='ltr'><strong><em>οἳ</em></strong></span> <span class='ocrx_word' id='word_1_158' title='bbox 862 2543 1203 2629; x_wconf 81' lang='grc' dir='ltr'><strong><em>Ὄλυμπον</em></strong></span> <span class='ocrx_word' id='word_1_159' title='bbox 1247 2544 1625 2630; x_wconf 79' lang='grc' dir='ltr'><strong><em>ἀγάννιφον</em></strong></span> <span class='ocrx_word' id='word_1_160' title='bbox 1668 2544 2218 2629; x_wconf 82' lang='grc' dir='ltr'><strong><em>ἀμφινέμονται.“</em></strong></span> 
     </span>
     <span class='ocr_line' id='line_1_24' title="bbox 409 2644 2316 2737; baseline 0.002 -23"><span class='ocrx_word' id='word_1_161' title='bbox 409 2650 533 2734; x_wconf 86' lang='grc' dir='ltr'><strong><em>τὴν</em></strong></span> <span class='ocrx_word' id='word_1_162' title='bbox 570 2647 631 2716; x_wconf 89' lang='grc' dir='ltr'><strong><em>δ’</em></strong></span> <span class='ocrx_word' id='word_1_163' title='bbox 667 2650 1186 2734; x_wconf 87' lang='grc' dir='ltr'><strong><em>ἀπαμειβόμενος</em></strong></span> <span class='ocrx_word' id='word_1_164' title='bbox 1210 2648 1514 2737; x_wconf 85' lang='grc' dir='ltr'><strong><em>προσέφη</em></strong></span> <span class='ocrx_word' id='word_1_165' title='bbox 1541 2651 1749 2727; x_wconf 88' lang='grc' dir='ltr'><strong><em>πόδας</em></strong></span> <span class='ocrx_word' id='word_1_166' title='bbox 1777 2649 1949 2728; x_wconf 83' lang='grc' dir='ltr'><strong><em>ώκὺς</em></strong></span> <span class='ocrx_word' id='word_1_167' title='bbox 1969 2644 2316 2735; x_wconf 84' lang='grc' dir='ltr'><strong><em>Ἀχιλλεύς·</em></strong></span> 
     </span>
     <span class='ocr_line' id='line_1_25' title="bbox 324 2751 2316 2841; baseline -0.001 -18"><span class='ocrx_word' id='word_1_168' title='bbox 324 2767 504 2841; x_wconf 80' lang='grc' dir='ltr'><strong><em>,,πῶς</em></strong></span> <span class='ocrx_word' id='word_1_169' title='bbox 545 2753 602 2820; x_wconf 87' lang='grc' dir='ltr'><strong><em>τ’</em></strong></span> <span class='ocrx_word' id='word_1_170' title='bbox 648 2751 754 2839; x_wconf 70' lang='grc' dir='ltr'><strong><em>ἄρ’</em></strong></span> <span class='ocrx_word' id='word_1_171' title='bbox 796 2763 874 2821; x_wconf 76' lang='grc' dir='ltr'><strong><em>ἴω</em></strong></span> <span class='ocrx_word' id='word_1_172' title='bbox 921 2758 1079 2841; x_wconf 79' lang='grc' dir='ltr'><strong><em>μετὰ</em></strong></span> <span class='ocrx_word' id='word_1_173' title='bbox 1122 2762 1375 2841; x_wconf 82' lang='grc' dir='ltr'><strong><em>μῶλον;</em></strong></span> <span class='ocrx_word' id='word_1_174' title='bbox 1424 2760 1649 2841; x_wconf 82' lang='grc' dir='ltr'><strong><em>ἔχουσι</em></strong></span> <span class='ocrx_word' id='word_1_175' title='bbox 1693 2753 1768 2823; x_wconf 72' lang='grc' dir='ltr'><strong><em>δὲ</em></strong></span> <span class='ocrx_word' id='word_1_176' title='bbox 1807 2753 2018 2841; x_wconf 87' lang='grc' dir='ltr'><strong><em>τεύχε’</em></strong></span> <span class='ocrx_word' id='word_1_177' title='bbox 2055 2757 2316 2823; x_wconf 84' lang='grc' dir='ltr'><strong><em>ἐκεῖνοι·</em></strong></span> 
     </span>
     <span class='ocr_line' id='line_1_26' title="bbox 323 2858 2102 2948; baseline 0.001 -22"><span class='ocrx_word' id='word_1_178' title='bbox 323 2865 533 2948; x_wconf 90' lang='grc' dir='ltr'><strong><em>μήτηρ</em></strong></span> <span class='ocrx_word' id='word_1_179' title='bbox 580 2858 641 2926; x_wconf 88' lang='grc' dir='ltr'><strong><em>δ’</em></strong></span> <span class='ocrx_word' id='word_1_180' title='bbox 685 2862 768 2928; x_wconf 76' lang='grc' dir='ltr'><strong><em>οὔ</em></strong></span> <span class='ocrx_word' id='word_1_181' title='bbox 811 2885 891 2946; x_wconf 83' lang='grc' dir='ltr'><strong><em>με</em></strong></span> <span class='ocrx_word' id='word_1_182' title='bbox 936 2865 1094 2945; x_wconf 91' lang='grc' dir='ltr'><strong><em>φίλη</em></strong></span> <span class='ocrx_word' id='word_1_183' title='bbox 1141 2865 1302 2947; x_wconf 88' lang='grc' dir='ltr'><strong><em>πρίν</em></strong></span> <span class='ocrx_word' id='word_1_184' title='bbox 1344 2859 1409 2945; x_wconf 87' lang='grc' dir='ltr'><strong><em>γ’</em></strong></span> <span class='ocrx_word' id='word_1_185' title='bbox 1452 2869 1553 2928; x_wconf 76' lang='grc' dir='ltr'><strong><em>εἶα</em></strong></span> <span class='ocrx_word' id='word_1_186' title='bbox 1595 2863 2102 2948; x_wconf 85' lang='grc' dir='ltr'><strong><em>θωρήσσεσθαι,</em></strong></span> 
     </span>
     <span class='ocr_line' id='line_1_27' title="bbox 322 2964 2314 3053; baseline -0.001 -19"><span class='ocrx_word' id='word_1_187' title='bbox 322 2971 481 3053; x_wconf 87' lang='grc' dir='ltr'><strong><em>πρίν</em></strong></span> <span class='ocrx_word' id='word_1_188' title='bbox 523 2964 587 3052; x_wconf 89' lang='grc' dir='ltr'><strong><em>γ’</em></strong></span> <span class='ocrx_word' id='word_1_189' title='bbox 631 2966 839 3051; x_wconf 80' lang='grc' dir='ltr'><strong><em>αὐτὴν</em></strong></span> <span class='ocrx_word' id='word_1_190' title='bbox 883 2969 1218 3034; x_wconf 82' lang='grc' dir='ltr'><strong><em>ἐλθοῦσαν</em></strong></span> <span class='ocrx_word' id='word_1_191' title='bbox 1264 2968 1338 3034; x_wconf 83' lang='grc' dir='ltr'><strong><em>ἐν</em></strong></span> <span class='ocrx_word' id='word_1_192' title='bbox 1382 2967 1833 3053; x_wconf 83' lang='grc' dir='ltr'><strong><em>ὀφθαλμοῖσιν</em></strong></span> <span class='ocrx_word' id='word_1_193' title='bbox 1879 2970 2145 3052; x_wconf 77' lang='grc' dir='ltr'><strong><em>ἴδωμαι·</em></strong></span> <span class='ocrx_word' id='word_1_194' title='bbox 2221 2985 2314 3034; x_wconf 85' lang='grc'><strong><em>190</em></strong></span> 
     </span>
     <span class='ocr_line' id='line_1_28' title="bbox 324 3066 2178 3157; baseline -0.001 -18"><span class='ocrx_word' id='word_1_195' title='bbox 324 3081 553 3140; x_wconf 84' lang='grc' dir='ltr'><strong><em>στεῦτο</em></strong></span> <span class='ocrx_word' id='word_1_196' title='bbox 596 3073 724 3157; x_wconf 80' lang='grc' dir='ltr'><strong><em>γὰρ</em></strong></span> <span class='ocrx_word' id='word_1_197' title='bbox 760 3069 1150 3156; x_wconf 90' lang='grc' dir='ltr'><strong><em>Ἡφαίστοιο</em></strong></span> <span class='ocrx_word' id='word_1_198' title='bbox 1195 3066 1353 3156; x_wconf 87' lang='grc' dir='ltr'><strong><em>πάρ’</em></strong></span> <span class='ocrx_word' id='word_1_199' title='bbox 1395 3071 1659 3157; x_wconf 85' lang='grc' dir='ltr'><strong><em>οἰσέμεν</em></strong></span> <span class='ocrx_word' id='word_1_200' title='bbox 1702 3076 1893 3138; x_wconf 80' lang='grc' dir='ltr'><strong><em>ἔντεα</em></strong></span> <span class='ocrx_word' id='word_1_201' title='bbox 1934 3074 2118 3138; x_wconf 90' lang='grc' dir='ltr'><strong><em>καλά.</em></strong></span> <span class='ocrx_word' id='word_1_202' title='bbox 2173 3102 2178 3107; x_wconf 88' lang='grc'><strong><em>·</em></strong></span> 
     </span>
     <span class='ocr_line' id='line_1_29' title="bbox 325 3173 2175 3264; baseline -0.001 -18"><span class='ocrx_word' id='word_1_203' title='bbox 325 3182 529 3246; x_wconf 76' lang='grc' dir='ltr'><strong><em>ἄλλου</em></strong></span> <span class='ocrx_word' id='word_1_204' title='bbox 575 3176 641 3245; x_wconf 87' lang='grc' dir='ltr'><strong><em>δ’</em></strong></span> <span class='ocrx_word' id='word_1_205' title='bbox 683 3179 765 3244; x_wconf 80' lang='grc' dir='ltr'><strong><em>οὔ</em></strong></span> <span class='ocrx_word' id='word_1_206' title='bbox 807 3201 922 3243; x_wconf 86' lang='grc' dir='ltr'><strong><em>τευ</em></strong></span> <span class='ocrx_word' id='word_1_207' title='bbox 967 3173 1150 3262; x_wconf 81' lang='grc' dir='ltr'><strong><em>οἶδα,</em></strong></span> <span class='ocrx_word' id='word_1_208' title='bbox 1193 3187 1310 3243; x_wconf 82' lang='grc' dir='ltr'><strong><em>τεῦ</em></strong></span> <span class='ocrx_word' id='word_1_209' title='bbox 1355 3176 1438 3244; x_wconf 78' lang='grc' dir='ltr'><strong><em>ἂν</em></strong></span> <span class='ocrx_word' id='word_1_210' title='bbox 1481 3180 1687 3244; x_wconf 77' lang='grc' dir='ltr'><strong><em>κλυτὰ</em></strong></span> <span class='ocrx_word' id='word_1_211' title='bbox 1727 3179 1959 3264; x_wconf 84' lang='grc' dir='ltr'><strong><em>τεύχεα</em></strong></span> <span class='ocrx_word' id='word_1_212' title='bbox 2005 3179 2175 3263; x_wconf 91' lang='grc' dir='ltr'><strong><em>δύω,</em></strong></span> 
     </span>
    </p>
   </div>
   <div class='ocr_carea' id='block_1_3' title="bbox 325 3282 2322 3581">
    <p class='ocr_par' dir='ltr' id='par_1_3' title="bbox 325 3282 2322 3581">
     <span class='ocr_line' id='line_1_30' title="bbox 325 3282 2322 3370; baseline -0.002 -18"><span class='ocrx_word' id='word_1_213' title='bbox 325 3288 387 3352; x_wconf 85' lang='grc' dir='ltr'><strong><em>εί</em></strong></span> <span class='ocrx_word' id='word_1_214' title='bbox 427 3287 515 3370; x_wconf 83' lang='grc' dir='ltr'><strong><em>μὴ</em></strong></span> <span class='ocrx_word' id='word_1_215' title='bbox 558 3285 846 3360; x_wconf 76' lang='grc' dir='ltr'><strong><em>Αἴαντός</em></strong></span> <span class='ocrx_word' id='word_1_216' title='bbox 888 3306 963 3367; x_wconf 90' lang='grc' dir='ltr'><strong><em>γε</em></strong></span> <span class='ocrx_word' id='word_1_217' title='bbox 1007 3282 1206 3360; x_wconf 88' lang='grc' dir='ltr'><strong><em>σάκος</em></strong></span> <span class='ocrx_word' id='word_1_218' title='bbox 1256 3285 1782 3369; x_wconf 87' lang='grc' dir='ltr'><strong><em>Τελαμωνιάδαο.</em></strong></span> <span class='ocrx_word' id='word_1_219' title='bbox 2277 3290 2322 3349; x_wconf 67' lang='lat'><strong><em>1.</em></strong></span> 
     </span>
     <span class='ocr_line' id='line_1_31' title="bbox 325 3382 2206 3477; baseline -0.001 -20"><span class='ocrx_word' id='word_1_220' title='bbox 325 3391 490 3458; x_wconf 80' lang='grc' dir='ltr'><strong><em>ἀλλὰ</em></strong></span> <span class='ocrx_word' id='word_1_221' title='bbox 533 3387 643 3455; x_wconf 87' lang='grc' dir='ltr'><strong><em>καὶ</em></strong></span> <span class='ocrx_word' id='word_1_222' title='bbox 689 3388 885 3466; x_wconf 82' lang='grc' dir='ltr'><strong><em>αὐτὸς</em></strong></span> <span class='ocrx_word' id='word_1_223' title='bbox 927 3389 965 3453; x_wconf 83' lang='grc' dir='ltr'>ὅ</span> <span class='ocrx_word' id='word_1_224' title='bbox 1000 3382 1089 3472; x_wconf 87' lang='grc' dir='ltr'><strong><em>γ’,</em></strong></span> <span class='ocrx_word' id='word_1_225' title='bbox 1138 3384 1394 3473; x_wconf 77' lang='grc' dir='ltr'><strong><em>ἔλπομ’,</em></strong></span> <span class='ocrx_word' id='word_1_226' title='bbox 1439 3388 1539 3455; x_wconf 80' lang='grc' dir='ltr'><strong><em>ἐνὶ</em></strong></span> <span class='ocrx_word' id='word_1_227' title='bbox 1582 3393 1944 3474; x_wconf 79' lang='grc' dir='ltr'><strong><em>πρώτοισιν</em></strong></span> <span class='ocrx_word' id='word_1_228' title='bbox 1989 3391 2206 3477; x_wconf 81' lang='grc' dir='ltr'><strong><em>ὁμιλεῖ</em></strong></span> 
     </span>
     <span class='ocr_line' id='line_1_32' title="bbox 326 3452 2318 3581; baseline -0.001 -19"><span class='ocrx_word' id='word_1_229' title='bbox 326 3500 504 3581; x_wconf 79' lang='grc' dir='ltr'><strong><em>ἔγχει·</em></strong></span> <span class='ocrx_word' id='word_1_230' title='bbox 544 3496 793 3579; x_wconf 88' lang='grc' dir='ltr'><strong><em>δηιόων</em></strong></span> <span class='ocrx_word' id='word_1_231' title='bbox 835 3491 985 3580; x_wconf 86' lang='grc' dir='ltr'><strong><em>περὶ</em></strong></span> <span class='ocrx_word' id='word_1_232' title='bbox 1030 3496 1443 3577; x_wconf 90' lang='grc' dir='ltr'><strong><em>Πατρόκλοιο</em></strong></span> <span class='ocrx_word' id='word_1_233' title='bbox 1487 3497 1882 3575; x_wconf 85' lang='grc' dir='ltr'><strong><em>θανόντος.“</em></strong></span> <span class='ocrx_word' id='word_1_234' title='bbox 2219 3452 2318 3574; x_wconf 59' lang='grc' dir='ltr'><strong><em>19Ᾰ</em></strong></span> 
     </span>
    </p>
   </div>
   <div class='ocr_carea' id='block_1_4' title="bbox 2476 1478 2481 2158">
    <p class='ocr_par' dir='ltr' id='par_1_4' title="bbox 2476 1478 2481 2158">
     <span class='ocr_line' id='line_1_33' title="bbox 2476 1478 2481 2158; baseline 0 0"><span class='ocrx_word' id='word_1_235' title='bbox 2476 1478 2481 2158; x_wconf 95' lang='lat' dir='ltr'><strong><em> </em></strong></span> 
     </span>
    </p>
   </div>
  </div>
 </body>
</html>
