2525 3884
296 173 382 236 74
1085 173 1389 225 ΙΛῙΔΔΟΣ
1425 172 1496 224 11.

287 317 612 401 κνημῖδας
656 312 777 400 μὲν
821 325 1045 400 πρῶτα
1088 313 1240 400 περὶ
1283 317 1611 400 κνήμῃσιν
1657 317 1899 396 ἔθηκεν
2193 329 2314 380 131

287 422 521 505 καλάς,
570 422 994 508 ἀργυρέοισιν
1040 419 1461 506 ἐπισφυρίοις
1504 420 1853 505 ἀραρυίας·

292 528 606 611 δεύτερον
651 522 737 592 αὖ
778 527 1056 613 θώρηκα
1099 525 1250 609 περὶ
1297 529 1659 611 στήθεσσιν
1703 527 1941 592 ἔδυνεν

290 637 593 700 ποικίλον
638 634 1030 718 ἀστερόεντα
1071 635 1410 709 ποδώκεος
1454 633 1797 698 Αἰακίδαο.

292 737 463 824 ἀμφὶ
508 736 569 806 δ’
612 736 716 825 ἄρ’
763 740 1040 824 ὤμοισιν
1085 740 1322 824 βάλετο
1370 738 1560 824 ξίφος
1603 738 2021 825 ἀργυρόηλον
2201 752 2310 801 135

293 846 601 929 χάλκεον,
649 845 857 931 αὐτὰρ
904 847 1126 910 ἔπειτα
1170 846 1370 922 σάκος
1413 844 1579 930 μέγα
1621 866 1693 910 τε
1738 846 2054 927 στιβαρόν
2099 862 2201 909 τε·

292 947 484 1037 κρατὶ
527 948 589 1016 δ’
634 945 734 1017 ἐπ’
777 953 1036 1038 ἰφθίμῳ
1080 950 1328 1035 κυνέην
1373 951 1688 1017 ἐύτυκτον
1735 953 1979 1034 ἔθηκεν

295 1057 638 1142 ἵππουριν·
686 1057 911 1123 δεινὸν
958 1053 1034 1121 δὲ
1077 1060 1287 1142 λόφος
1329 1058 1760 1142 καθύπερθεν
1803 1058 2048 1122 ἔνευεν.

280 1162 504 1252 θεἵλετο
552 1161 613 1227 δ’
657 1163 895 1248 ἄλκιμα
942 1164 1172 1247 δοῦρε,
1217 1163 1300 1228 τά
1344 1164 1417 1229 οἱ
1453 1162 1840 1248 παλάμηφιν
1884 1162 2179 1248 ἀρήρειν.

297 1271 513 1354 [ἔγχος
549 1263 612 1334 δ’
655 1269 778 1354 οὐχ
822 1263 987 1335 ἕλετ’
1030 1264 1176 1336 οἷον
1221 1269 1572 1355 ἀμύμονος>
1603 1269 1961 1353 Αἰακίδαο,
2204 1282 2311 1333 140

296 1376 508 1460 βριθὺ
541 1373 706 1459 μέγα
742 1376 1086 1461 στιβαρόν·
1125 1375 1202 1440 τὸ
1238 1372 1362 1459 μὲν
1399 1374 1482 1440 οὐ
1519 1369 1746 1440 δύνατ’
1790 1374 1988 1451 ἄλλος
2025 1367 2311 1457 Ἀχαιῶν

295 1481 598 1564 πάλλειν,
644 1480 811 1546 ἀλλά
855 1505 971 1564 μιν
1017 1475 1158 1559 οἶος
1201 1480 1507 1547 ἐπίστατο
1552 1488 1748 1564 πῆλαι
1784 1474 2144 1564 Ἀχιλλεύς,

299 1587 606 1671 Πηλιάδα
650 1589 913 1670 μελίην,
958 1589 1084 1670 τὴν
1125 1583 1327 1672 πατρὶ
1369 1589 1545 1673 φίλῳ
1588 1588 1754 1672 πόρε
1796 1590 2056 1671 Χείρων

302 1695 562 1775 Πηλίου
606 1692 680 1757 ἐκ
719 1699 1050 1777 κορυφῆς,
1098 1694 1314 1776 φόνον
1361 1694 1632 1776 ἔμμεναι
1674 1692 2047 1777 ἡρώεσσιν]

302 1798 542 1875 ἵππους
589 1792 652 1863 δ’
694 1796 1166 1882 Αὐτομέδοντα
1207 1802 1391 1874 θοῶς
1436 1801 1796 1883 ζευγνῦμεν
1838 1799 2124 1880 ἄνωγεν,
2159 1828 2166 1833 ·
2206 1813 2306 1862 145

299 1905 416 1971 τὸν
461 1899 598 1989 μετ’
635 1899 939 1988 Ἀχιλλῆα
981 1902 1314 1989 ῥηξήνορα
1356 1913 1454 1969 τῖε
1497 1904 1806 1988 μάλιστα,
1942 1928 1948 1933 ’

298 2012 685 2087 πιστότατος
729 2007 808 2074 δέ
847 2010 919 2076 οἰ
957 2012 1106 2074 ἔσκε
1150 2009 1323 2095 μάχῃ
1368 2011 1473 2074 ἔνι
1517 2019 1736 2094 μεῖναι
1780 2009 2085 2094 ὁμοκλήν.

298 2118 389 2204 τῷ
436 2112 511 2181 δὲ
553 2111 665 2181 καὶ
708 2114 1114 2200 Αὐτομέδων
1158 2115 1371 2197 ὕπαγε
1417 2116 1616 2198 ζυγὸν
1662 2113 1867 2192 ὠκέας
1910 2116 2178 2197 ἵππους,

301 2221 576 2295 Ξάνθον
617 2218 730 2287 καὶ
772 2223 1053 2304 Βαλίον,
1097 2221 1189 2286 τὼ
1233 2221 1369 2306 ἅμα
1410 2229 1681 2306 πνοιῇσι
1722 2218 2081 2317 πετέσθην,
2327 2272 2368 2295 0

298 2329 457 2405 τοὺς
499 2330 674 2393 ἔτεκε
718 2328 1000 2415 Ζεφύρῳ
1045 2326 1262 2415 ἀνέμῳ
1309 2320 1558 2413 ἅρπυια
1602 2327 1925 2412 Ποδάργη
1937 2304 2016 2350 7¹⁸⁴
2037 2300 2306 2395 &²⁰:113ss

300 2432 670 2518 βοσκομένη
715 2437 989 2517 λειμῶνι
1022 2434 1199 2518 παρὰ
1244 2432 1409 2514 ῥόον
1447 2431 1803 2499 Ὠκεανοῖο.

304 2540 378 2605 έν
414 2534 500 2605 ’δὲ
542 2541 986 2623 παρηορίῃσιν
1030 2538 1336 2623 ἀμύμονα
1382 2539 1706 2622 Πήδασον
1749 2538 1837 2605 ἵει
1844 2587 1866 2623 ,

299 2647 419 2711 τόν
464 2644 550 2730 ῥά
591 2640 740 2710 ποτ’
787 2641 1139 2720 Ἠετίωνος
1181 2642 1351 2710 ἑλὼν
1391 2647 1590 2710 πόλιν
1629 2642 1825 2728 ἤγαγ’
1869 2640 2224 2729 Ἀχιλλεύς,

302 2751 377 2828 ὃς
419 2748 532 2817 καὶ
573 2750 824 2834 θνητὸς
867 2748 997 2815 ἐὼν
1042 2746 1228 2815 ἕπεθ’
1273 2749 1497 2826 ἵπποις
1540 2750 1996 2817 ἀθανάτοισιν.

389 2857 835 2943 Μυρμιδόνας
878 2850 942 2919 δ’
983 2851 1088 2941 ἄρ’
1133 2854 1556 2940 ἐποιχόμενος
1598 2855 1906 2942 θώρηξεν
1944 2855 2270 2942 Ἀχιλλεὺς

300 2962 551 3039 πάντας
595 2962 722 3028 ἀνὰ
764 2962 1020 3039 κλισίας
1063 2962 1193 3026 σὺν
1235 2962 1560 3045 τεύχεσιν·
1608 2962 1680 3028 οἱ
1719 2959 1794 3027 δὲ
1839 2963 2029 3028 λύκοι
2075 2962 2164 3040 ὣς
2206 2980 2303 3031 166

303 3067 682 3152 ὠμοφάγοι,
725 3067 942 3132 τοῖσίν
984 3089 1056 3133 τε
1098 3063 1252 3152 περὶ
1296 3064 1536 3152 φρεσὶν
1581 3056 1859 3145 ἄσπετος
1903 3067 2095 3153 ἀλκή,

303 3172 376 3239 οἵ
412 3170 471 3238 τ’
515 3174 767 3256 ἔλαφον
808 3173 1051 3257 κεραὸν
1096 3171 1306 3257 μέγαν
1351 3173 1581 3259 οὔρεσι
1621 3173 1995 3258 δῃώσαντες

303 3278 694 3345 δάπτουσιν·
738 3287 941 3344 πᾶσιν
987 3274 1063 3345 δὲ
1105 3281 1393 3363 παρήιον
1439 3277 1662 3364 αἵματι
1708 3283 1978 3363 φοινόν·

300 3388 419 3456 καί
453 3381 512 3451 τ’
556 3384 882 3469 ἀγεληδὸν
928 3389 1109 3450 ἴασιν
1134 3383 1282 3450 ,ἀπὸ
1327 3388 1573 3469 κρήνης
1617 3386 2037 3469 μελανύδρου
2208 3404 2303 3453 160

301 3492 625 3574 λάψοντες
667 3492 1049 3579 γλώσσῃσιν
1095 3490 1407 3578 ἀραιῇσιν
1453 3490 1658 3577 μέλαν
1701 3492 1884 3578 ὕδωρ
