2525 3884
279 172 363 238 76
1069 176 1370 230 IAlAAoz
1405 177 1480 232 11.

276 326 391 401 τῆς
436 313 510 383 δὲ
553 321 776 404 τρίτης
819 321 1235 406 Πείσανδρος
1280 318 1508 405 ἀρήιος
1549 318 1952 404 ἡγεμόνευεν

164 464 181 475 -
276 426 734 509 Μαιμαλίδης,
782 425 854 502 ὃς
898 435 1056 491 πᾶσι
1102 423 1458 511 μετέπρεπε
1501 428 2056 511 Μυρμιδόνεσσιν

278 530 458 614 ἔγχει·
495 531 878 616 μάρνασθαι
922 534 1080 616 μετὰ
1117 534 1502 614 Πηλεΐωνος
1547 531 1827 619 ἑταῖρον.
2181 551 2290 600 195

277 643 392 719 τῆς
437 631 514 702 δὲ
556 637 866 723 τετάρτης
907 632 1067 723 ἦρχε
1110 634 1327 722 γέρων
1374 638 1706 722 ἱππηλάτα
1752 638 2015 722 Φοῖνιξ,

277 739 568 827 πέμπτης
613 739 675 807 δ’
718 741 1120 829 Ἀλκιμέδων
1161 742 1493 829 Λαέρκεος
1535 744 1681 821 υίὸς
1726 746 2019 831 ἀμύμων.

279 848 486 934 αὐτὰρ
534 847 672 916 ἐπεὶ
718 850 800 933 δὴ
846 850 1095 926 πάντας
1138 845 1249 935 ἅμ’
1288 849 1730 935 ἡγεμόνεσσιν
1765 848 2094 937 Ἀχιλλεὺς

278 963 517 1038 στῆσεν
562 955 639 1020 ἐὺ
682 959 943 1041 κρίνας,
988 958 1311 1041 κρατερὸν
1355 954 1417 1021 δ’
1462 954 1566 1023 ἐπὶ
1612 964 1838 1042 μῦθον
1883 961 2168 1024 ἔτελλεν·

278 1063 783 1147 ,,Μυρμιδόνες,
830 1064 919 1146 μή
962 1065 1059 1140 τίς
1103 1085 1216 1146 μοι
1261 1062 1591 1128 ἀπειλάων
1637 1062 2059 1146 λελαθέσθω,
2178 1080 2291 1130 200

278 1165 355 1244 ἃς
400 1164 505 1231 ἐπὶ
549 1166 750 1251 νηυσὶ
792 1174 1042 1253 θοῇσιν
1087 1168 1409 1234 ἀπειλεῖτε
1459 1171 1801 1254 Τρώεσσιν

278 1271 482 1339 πάνθ’
524 1273 653 1339 ὑπὸ
701 1277 1070 1360 μηνιθμόν,
1113 1278 1232 1340 καί
1269 1272 1340 1358 μ’
1382 1269 1705 1361 ᾐτιάασθε
1748 1275 2045 1353 ἕκαστος·

278 1379 552 1464 ,σχέτλιε
596 1381 857 1464 Πηλέος
898 1378 1036 1464 υἷε,
1081 1384 1255 1469 χόλῳ
1310 1382 1438 1465 ἄρα
1481 1378 1543 1446 σ’
1588 1385 1818 1469 ἔτρεφε
1864 1385 2104 1468 μήτηρ,

277 1486 535 1570 νηλεές,
582 1487 655 1564 ὃς
699 1488 876 1572 παρὰ
919 1485 1163 1571 νηυσὶν
1208 1481 1374 1572 ἒχέις
1418 1486 1731 1565 ἀέκοντας
1776 1487 2097 1574 ἑταίρους·

276 1591 509 1658 οἴκαδέ
548 1614 671 1678 περ
718 1596 843 1659 σὺν
889 1591 1090 1676 νηυσὶ
1131 1595 1442 1678 νεώμεθα
1486 1597 2003 1681 ποντοπόροισιν
2179 1611 2294 1661 205

279 1693 492 1781 αὖτις,
540 1698 686 1764 ἐπεί
725 1698 810 1782 ῥά
852 1721 957 1762 τοι
1001 1693 1132 1764 ὧδε
1175 1701 1376 1776 κακὸς
1418 1701 1613 1785 χόλος
1657 1703 1892 1785 ἔμπεσε
1935 1703 2197 1788 θυμῷέ

277 1804 482 1870 ταῦτά
526 1796 593 1888 μ’
634 1803 1051 1889 ἀγειρόμενοι
1101 1800 1274 1888 θάμ’
1316 1803 1597 1889 ἐβάζετε·
1651 1815 1782 1870 νῦν
1838 1803 1914 1872 δὲ
1956 1804 2326 1891 πέφανται·

280 1911 648 1995 φυλόπιδος
692 1907 859 1995 μέγα
904 1911 1131 1995 ἔργον,
1179 1909 1293 1992 ἕης
1333 1911 1409 1975 τὸ
1454 1913 1614 1996 πρίν
1658 1906 1723 1995 γ’
1765 1911 2088 1993 ἐράασθε·-

279 2018 449 2081 ἔνθα
493 2038 591 2092 τις
635 2016 915 2099 ἄλκιμον
957 2010 1119 2100 ἦτορ
1166 2017 1336 2100 ἔχων
1388 2016 1681 2102 Τρώεσσι
1729 2015 2107 2101 μαχέσθω.“
2279 2100 2284 2102 ‚

367 2115 456 2198 ὧς
499 2122 701 2188 εἰπὼν
748 2121 1004 2206 ώτρυνε
1047 2119 1245 2205 μένος
1288 2118 1398 2185 καὶ
1441 2122 1667 2206 θυμὸν
1714 2120 2008 2187 ἑκάστου.
2180 2143 2294 2192 210

278 2231 530 2311 μᾶλλον
577 2224 651 2292 δὲ
696 2230 911 2311 στίχες
955 2227 1200 2312 ἄρθεν,
1246 2223 1387 2293 ἐπεὶ
1430 2229 1744 2310 βασιλῆος
1787 2228 2097 2294 ἄκουσαν.

279 2334 368 2410 ὡς
413 2330 474 2399 δ’
519 2333 626 2399 ὅτε
669 2341 896 2417 τοῖχον
941 2332 1107 2418 ἀνὴρ
1154 2326 1368 2418 ἀράρῃ
1412 2343 1751 2397 πυκινοῖσι
1793 2336 2090 2400 λίθοισιν

149 2475 155 2480 -
280 2439 578 2524 δώματος
621 2438 937 2522 ὑψηλοῖο,
982 2441 1131 2522 βίας
1175 2437 1830 2523 ἀνέμων,ἀλεει’νων,

279 2540 368 2622 ὦς
411 2546 663 2632 ἄραρον
705 2543 993 2627 κόρυθές
1035 2567 1106 2611 τε
1148 2542 1260 2609 καὶ
1304 2544 1575 2622 ἀσπίδες
1620 2543 2088 2629 ὀμφαλόεσσαι.

281 2649 474 2728 ἀσπὶς
516 2644 621 2734 ἄρ’
663 2648 886 2714 ἀσπίδ’
930 2651 1171 2734 ἔρειδε,
1214 2651 1417 2736 κόρυς
1458 2652 1698 2735 κόρυν,
1746 2650 1949 2736 ἀνέρα
1983 2647 2049 2717 δ’
2088 2652 2290 2738 ἀνήρ.
2353 2721 2360 2726 ,
2479 2654 2490 2673 “

279 2766 500 2835 ψαῦον
545 2753 606 2821 δ’
651 2756 1005 2839 ἱππόκομοι
1048 2759 1335 2841 κόρυθες
1379 2762 1735 2841 λαμπροῖσι
1779 2757 2094 2841 φάλοισιν
2179 2776 2289 2827 216

278 2866 643 2929 νευόντων·
690 2857 780 2939 ὥς
823 2860 1066 2928 πυκνοὶ
1111 2861 1482 2946 ἐφέστασαν
1528 2862 1928 2945 ἀλλήλοισιν.

279 2969 544 3034 πάντων
591 2965 666 3034 δὲ
708 2968 1125 3055 προπάροιθε
1172 2965 1278 3032 δύ’
1322 2967 1515 3054 ἀνέρε
1560 2971 2026 3055 θωρήσσοντο,

279 3075 663 3160 Πάτροκλός
705 3097 775 3140 τε
819 3072 930 3140 καὶ
973 3073 1410 3159 Αὐτομέδων,
1457 3073 1577 3140 ἕνα
1619 3077 1847 3160 θυμὸν
1890 3078 2180 3160 ἔχοντες,

278 3183 580 3266 πρόσθεν
598 3182 1063 3266 Μυρμιδόνων
1081 3179 1525 3266 πολεμιζέμεν.
1592 3168 1799 3268 αὐτὰρ
1838 3177 2168 3266 Ἀχιλλεὺς
2182 3199 2289 3249 220

278 3291 363 3373 βῆ
409 3285 473 3373 ῤ’
518 3293 664 3372 ἴμεν
708 3286 777 3364 ές
820 3290 1112 3370 κλισίην,
1159 3292 1369 3373 χηλοῦ
1413 3281 1475 3353 δ’
1517 3287 1644 3353 ἀπὸ
1692 3283 1864 3372 πῶμ’
1904 3286 2197 3376 ἀνέῳγεν

277 3399 478 3479 καλῆς
511 3392 901 3479 δαιδαλέης,
946 3396 1068 3476 τήν
1115 3394 1188 3459 οἱ
1224 3391 1417 3472 Θέτις
1459 3392 1869 3480 ἀργυρόπεζα

276 3495 445 3586 θῆκ’,
475 3498 580 3567 ἐπὶ
625 3501 787 3585 νηὸς
831 3502 1146 3586 ἄγεσθαι,
1192 3499 1268 3566 ἐὺ
1312 3503 1615 3585 πλήσασα
1658 3502 1956 3585 χιτώνων
2081 3496 2098 3585 f
