2525 3884
274 192 405 256 224
1074 195 1378 248 ΙΛΙΑΔΟΣ
1414 195 1490 250 Ψ.

272 338 391 402 τὸν
434 333 545 402 καὶ
589 339 890 403 νεικείων
933 335 1236 424 προσέφη
1285 336 1531 416 ξανθὸς
1575 335 1951 414 Μενέλαος·

276 440 659 528 ,,Ἀντίλοχ’,
709 444 791 510 οὔ
834 467 933 521 τις
979 454 1118 510 σεῖο
1166 447 1426 530 βροτῶν
1471 443 1833 530 ὀλοώτερος
1877 445 2100 519 ἄλλος·

276 544 440 633 ἔρρ’,
488 548 627 617 ἐπεὶ
673 551 754 615 οὕ
799 546 861 616 σ’
906 552 1147 636 ἔτυμόν
1201 574 1278 634 γε
1331 551 1551 635 φάμεν
1604 556 1985 617 πεπνῦσθαι
2022 546 2297 634 Ἀχαιοί.

152 705 156 708 «
278 652 419 721 ἀλλ’
455 655 537 723 οὐ
573 656 704 741 μὰν
743 651 890 722 οὐδ’
942 650 1030 734 ὧς
1077 658 1230 743 ἄτερ
1278 657 1481 742 ὅρκου
1529 662 1677 743 οἴσῃ
1725 657 2039 722 ἄεθλον.“
2184 671 2295 719 441

367 756 455 839 ὧς
501 763 703 831 εἰπών
750 763 1048 829 ἵπποισιν
1095 761 1389 830 ἐκέκλετο
1436 760 1749 847 φώνησέν
1792 780 1890 829 τε·

276 870 410 953 »μή
455 891 569 953 μοι
615 869 983 955 ἐρύκεσθον
1028 864 1183 955 μηδ’
1226 868 1503 935 ἕστατον
1547 868 1891 955 ἀχνυμένω
1937 877 2090 954 κῆρ·

277 977 659 1061 φθήσονται
701 976 996 1041 τούτοισι
1040 976 1240 1053 πόδες
1283 973 1396 1041 καὶ
1438 984 1653 1059 γοῦνα
1695 977 1990 1060 καμόντα

277 1079 318 1163 ἢ
365 1079 552 1164 ὑμῖν·
596 1082 793 1166 ἄμφω
838 1082 967 1167 γὰρ
1013 1080 1406 1166 ἀτέμβονται
1449 1082 1821 1166 νεότητος.“
2186 1097 2297 1145 445

367 1181 455 1263 ὥς
501 1184 732 1271 ἔφαθ’,
781 1187 852 1253 οἰ
892 1185 966 1253 δὲ
1012 1189 1312 1265 ἄνακτος*
1336 1188 1805 1266 ὑποδείσαντες
1849 1187 2141 1272 ὁμοκλὴν

279 1296 530 1376 μᾶλλον
575 1292 1042 1379 ἐπιδραμέτην,
1090 1295 1255 1379 τάχα
1302 1292 1382 1361 δέ
1421 1311 1657 1378 σφισιν
1701 1296 1851 1379 ἄγχι
1896 1292 2191 1377 γένοντο.

359 1396 643 1486 Ἀργεῖοι
689 1397 750 1465 δ’
794 1400 869 1466 ἐν
914 1400 1122 1485 ἀγῶνι
1166 1402 1536 1484 καθήμενοι
1583 1402 1979 1485 εἰσορόωντο

278 1506 544 1585 ἵππους·
588 1505 694 1573 τοὶ
739 1501 802 1572 δ’
843 1505 1151 1573 ἐπέτοντο
1196 1509 1535 1586 κονίοντες
1577 1508 1852 1574 πεδίοιο.

279 1623 537 1698 πρῶτος
584 1610 646 1678 δ’
706 1609 1077 1697 Ἰδομενεὺς
1120 1615 1409 1697 Κρητῶν
1455 1612 1615 1697 ἀγὸς
1660 1609 1989 1699 ἐφράσαθ’
2024 1613 2295 1690 ἵππους·

280 1714 439 1803 ἧστο
483 1720 610 1803 γὰρ
657 1717 841 1796 ἐκτὸς
884 1718 1140 1802 ἀγῶνος
1183 1717 1544 1806 ὑπέρτατος
1589 1719 1663 1786 ἐν
1707 1727 2032 1805 περιωπῇ,
2187 1735 2289 1785 451

280 1836 422 1891 τοῑο
471 1821 531 1889 δ’
578 1825 867 1890 ἄνευθεν
914 1824 1138 1901 ἐόντος
1191 1824 1640 1909 ὁμοκλητῆρος
1689 1824 1977 1902 ἀκούσας

280 1936 480 2016 ἔγνω·
527 1931 868 2018 φράσσατο
917 1924 979 1995 δ’
1020 1930 1224 1996 ἵππον
1270 1929 1629 2018 ἀριπρεπέα
1671 1930 2078 2016 προύχοντα,

281 2040 353 2117 ὃς
395 2039 471 2104 τὸ
518 2034 639 2122 μὲν
685 2039 846 2104 ἄλλο
890 2038 1093 2103 τόσον
1128 2036 1356 2121 φοῖνιξ
1401 2032 1517 2120 ἦν,
1565 2036 1639 2104 ἐν
1687 2032 1761 2102 δὲ
1807 2036 2081 2123 μετώπῳ

282 2147 521 2212 λευκὸν
557 2138 710 2229 σῆμ’
753 2141 1050 2210 ἐτέτυκτο
1095 2145 1490 2230 περίτροχον
1524 2143 1683 2227 ἠύτε
1727 2145 1920 2227 μήνη.
2190 2160 2295 2209 455

281 2260 400 2336 στῆ
450 2249 511 2316 δ’
557 2250 765 2337 ὀρθὸς
806 2246 918 2315 καὶ
962 2255 1187 2336 μῦθον
1233 2249 1309 2315 ἐν
1347 2244 1741 2335 Ἀργείοισιν
1787 2251 2031 2314 ἔειπεν·

280 2354 377 2443 ,,ὦ
425 2360 640 2444 φίλοι,
679 2354 994 2443 Ἀργείων
1037 2356 1356 2443 ἡγήτορες
1399 2352 1518 2440 ἠδὲ
1563 2354 1903 2441 μέδοντες,

144 2528 151 2535 ,
282 2460 422 2541 οἷος
468 2463 638 2547 ἐγὼν
684 2463 923 2539 ἵππους
969 2462 1332 2548 αὐγάζομαι
1377 2458 1455 2546 ἦε
1498 2461 1611 2529 καὶ
1654 2462 1869 2548 ὑμεῖς;

282 2573 471 2637 ἄλλοι
515 2593 628 2656 μοι
675 2567 985 2634 δοκέουσι
1028 2572 1412 2655 παροίτεροι
1458 2571 1730 2654 ἔμμεναι
1776 2569 1991 2651 ἵπποι,

281 2678 480 2754 ἄλλος
525 2669 589 2741 δ’
627 2674 897 2759 ἡνίοχος
944 2674 1349 2742 ἰνδάλλεται·
1394 2675 1472 2742 αἱ
1511 2675 1591 2742 δέ
1629 2697 1760 2742 που
1805 2675 2013 2742 αὐτοῦ
2190 2690 2292 2741 460

281 2785 560 2868 ἔβλαβεν
606 2781 680 2847 ἐν
723 2782 960 2869 πεδίῳ,
1008 2783 1084 2846 αἲ
1119 2781 1302 2847 κεῖσέ
1340 2805 1418 2866 γε
1463 2781 1774 2868 φέρτεραι
1817 2778 2006 2866 ἦσαν.

285 2886 352 2974 [ἦ
397 2911 505 2955 τοι
546 2888 673 2971 γὰρ
718 2888 834 2964 τὰς
877 2896 1102 2973 πρῶτα
1148 2888 1300 2953 ἴδον
1342 2885 1494 2974 περὶ
1535 2886 1740 2974 τέρμα
1785 2888 2145 2973 βαλούσας,

281 3003 410 3061 νῦν
456 2991 518 3060 δ’
563 2993 645 3059 οὔ
690 3014 780 3080 πῃ
827 2993 1115 3078 δύναμαι
1163 2992 1393 3060 ἰδέειν·
1438 2994 1650 3080 πάντῃ
1700 2992 1782 3060 δέ
1819 3018 1934 3079 μοι
1979 2996 2137 3061 ὄσσε

289 3101 589 3188 Τρωικὸν
635 3098 725 3183 ἂμ
769 3101 1003 3166 πεδίον
1047 3102 1492 3167 παπταίνετον
1543 3102 1977 3186 εἰσορόωντι.]

279 3204 355 3292 ἠὲ
399 3208 519 3273 τὸν
554 3205 831 3291 ἡνίοχον
875 3207 1098 3290 φύγον
1141 3206 1328 3290 ἡνία,
1377 3202 1536 3273 οὐδὲ
1582 3206 1891 3291 δυνάσθη
2191 3220 2293 3271 465

283 3308 360 3380 εὖ
405 3309 709 3399 σχεθέειν
754 3309 904 3397 περὶ
948 3309 1181 3400 τέρμα,
1226 3310 1339 3378 καὶ
1385 3312 1508 3378 οὐκ
1553 3311 1869 3398 ἐτύχησεν
1915 3309 2154 3392 ἑλίξας·

285 3421 456 3485 ἔνθα
501 3442 617 3504 μιν
663 3415 994 3483 ἐκπεσέειν
1038 3417 1157 3484 ὀίω
1203 3419 1332 3484 σύν
1373 3412 1448 3483 θ’
1488 3418 1743 3504 ἅρματα
1789 3414 1969 3504 ἆξαι,

283 3525 358 3590 αἱ
399 3520 461 3590 δ’
504 3523 915 3611 ἐξηρώησαν,
965 3521 1104 3590 ἐπεὶ
1148 3522 1347 3609 μένος
1391 3526 1623 3608 ἔλλαβε
1665 3527 1910 3610 θυμόν.
