2525 3884
945 212 1246 264 1A1AA02
1282 214 1480 265 xvm.
2089 208 2214 272 131

206 349 415 433 τόφρα
465 349 546 416 δὲ
590 351 885 439 ῥηίτεροι
928 357 1298 439 πολεμίζειν
1342 350 1514 437 ἦσαν
1554 348 1829 438 Ἀχαιοί·

203 457 560 538 χαίρεσκον
603 460 731 544 γὰρ
778 459 904 542 ἐγώ
948 483 1024 543 γε
1067 466 1238 545 θοῇς
1285 456 1389 525 ἐπὶ
1434 458 1676 542 νηυσὶν
1723 461 1960 543 ἰαύων,
1984 519 1997 529 .

201 557 563 644 ἐλπόμενος
606 573 773 648 νῆας
817 565 1168 651 αἱρησέμεν
1213 566 1664 652 ἀμφιελίσσας.
2112 582 2217 632 260

200 671 321 726 νῦν
371 661 437 730 δ’
486 670 690 747 αἰνῶς
735 670 1030 736 δείδοικα
1073 671 1376 736 ποδώκεα
1422 672 1801 754 Πηλεΐωνα·

199 760 335 846 οἷος
384 770 653 839 ἐκείνου
696 777 914 860 θυμὸς
956 774 1307 862 ὑπέρβιος,
1355 775 1477 841 οὑκ
1522 774 1825 858 ἐθελήσει

201 878 478 960 μίμνειν
525 880 598 945 ἐν
643 882 879 969 πεδίῳ,
928 882 1044 947 ὅθι
1088 903 1211 967 περ
1264 886 1483 968 Τρῶες
1526 879 1637 947 καὶ
1676 877 1922 967 Ἀχαιοὶ

198 980 269 1045 ἐν
316 982 507 1073 μέσῳ
553 985 914 1073 ἀμφότεροι
960 986 1158 1073 μένος
1184 986 1432 1073 Ἀρηος
1478 987 1850 1072 δατέονται,

197 1086 365 1154 ἀλλὰ
413 1091 569 1178 περὶ
613 1096 874 1171 πτόλιός
917 1116 987 1159 τε
1030 1095 1389 1179 μαχήσεται
1433 1090 1550 1177 ἠδὲ
1593 1106 1949 1178 γυναικῶν.
2113 1109 2217 1161 265

199 1191 343 1258 ἀλλ’
393 1202 585 1281 ἴομεν
628 1197 823 1285 προτὶ
868 1200 1063 1282 ἄστυ,
1109 1196 1404 1265 πίθεσθέ
1444 1219 1583 1282 μοι·
1631 1194 1761 1264 ὧδε
1806 1203 1932 1286 γὰρ
1978 1203 2178 1265 ἔσται.

198 1307 329 1364 νῦν
378 1300 506 1385 μὲν
548 1304 672 1383 νὺξ
718 1303 1052 1371 ἀπέπαυσε
1097 1305 1401 1370 ποδώκεα
1448 1307 1801 1387 Πηλεΐωνα

201 1402 566 1494 ἀμβροσίη·
612 1410 675 1474 εἰ
718 1408 779 1474 δ’
822 1411 993 1495 ἄμμε
1036 1413 1370 1495 κιχήσεται
1417 1405 1650 1475 ἐνθάδ’
1694 1410 1923 1488 ἐόντας

205 1510 453 1597 αὔριον
497 1514 816 1601 ὁρμηθεὶς
861 1518 988 1580 σὺν
1032 1517 1362 1600 τεύχεσιν,
1412 1510 1487 1581 εὖ
1531 1517 1619 1581 νύ
1664 1540 1761 1593 τις
1808 1517 2012 1583 αὐτὸν

204 1620 557 1697 γνώσεται·
605 1620 941 1698 ἀσπασίως
982 1623 1110 1706 γὰρ
1157 1620 1456 1705 ἀφίξεται
1483 1619 1694 1686 Ἴλιον
1744 1624 1926 1707 ἱρήν,
2116 1641 2221 1690 270

208 1721 280 1798 ὅς
323 1749 403 1790 κε
446 1727 658 1812 φύγῃ,
705 1729 990 1803 πολλοὺς
1036 1723 1110 1792 δὲ
1154 1728 1350 1805 κύνες
1392 1725 1502 1793 καὶ
1546 1737 1750 1812 γῦπες
1797 1730 2062 1795 ἔδονται

216 1830 490 1911 Τρώων·
537 1831 613 1896 αἲ
649 1833 776 1916 γὰρ
823 1831 907 1915 δή
952 1854 1067 1915 μοι
1110 1827 1221 1896 ἀπ’
1275 1833 1512 1911 οὔατος
1558 1828 1688 1899 ὧδε
1730 1833 2007 1917 γένοιτο.

212 1936 272 1998 εἰ
317 1936 379 2001 δ’
422 1937 503 2003 ἄν
551 1937 732 2021 ἐμοῖς
777 1934 1033 2002 ἐπέεσσι
1078 1936 1436 2022 πιθώμεθα
1481 1938 1843 2021 κηδόμενοί
1880 1959 2032 2024 περ,

212 2042 416 2108 νύκτα
459 2040 582 2129 μὲν
628 2043 730 2107 εἰν
776 2040 984 2127 ἀγορῇ
1029 2039 1276 2118 σθένος
1331 2041 1590 2127 ἕξομεν,
1646 2044 1811 2107 ἄστυ
1858 2040 1934 2109 δὲ
1975 2043 2221 2128 πύργοι

214 2145 466 2232 ὑψηλαί
502 2172 574 2214 τε
618 2147 821 2212 πύλαι
867 2148 1131 2223 σανίδες
1176 2142 1233 2210 τ’
1277 2145 1382 2213 ἐπὶ
1426 2156 1542 2232 τῇς
1586 2147 1899 2234 ἀραρυῖαι
2119 2164 2220 2215 275

214 2254 453 2342 μακραὶ
498 2254 791 2333 ἐύξεστοι
835 2252 1214 2337 ἐζευγμέναι
1260 2254 1711 2340 εἰρύσσονται·

215 2374 384 2446 πρῶι
430 2358 489 2428 δ’
533 2362 803 2445 ὑπηοῖοι
848 2362 975 2425 σὺν
1018 2360 1277 2444 τεύχεσι
1322 2358 1791 2446 θωρηχθέντες

217 2462 571 2554 στησόμεθ’
612 2466 701 2552 ἄμ
755 2466 1070 2552 πύργους.
1131 2473 1221 2553 τῷ
1272 2463 1332 2530 δ’
1379 2467 1642 2551 ἄλγιον,
1693 2472 1770 2531 αἴ
1806 2460 1866 2530 κ’
1910 2466 2222 2553 ἐθέλῃσιν

219 2571 435 2639 ἐλθὼν
481 2573 554 2639 ἐκ
597 2582 781 2655 νηῶν
825 2569 976 2656 περὶ
1020 2574 1266 2655 τείχεος
1313 2573 1477 2658 ἄμμι
1521 2573 1873 2658 μάχεσθαι·

217 2675 311 2756 ἂψ
344 2680 541 2744 πάλιν
579 2673 698 2744 εἷσ’
736 2676 842 2743 ἐπὶ
878 2687 1073 2762 νῆας,
1120 2677 1265 2743 ἐπεί
1305 2673 1364 2742 κ’
1408 2680 1791 2765 ἐριαύχενας
1835 2679 2074 2756 ἵππους
2119 2695 2222 2744 280

218 2788 537 2849 παντοίου
583 2785 839 2871 δρόμου
885 2784 1011 2869 ἄσῃ
1058 2784 1187 2849 ὑπὸ
1232 2787 1467 2850 πτόλιν
1511 2785 1921 2868 ἠλασκάζων·

222 2896 370 2956 εἴσω
418 2888 480 2956 δ’
526 2891 609 2956 οὔ
652 2915 768 2975 μιν
812 2892 1029 2976 θυμὸς
1076 2890 1544 2977 ἐφορμηθῆναι
1591 2891 1796 2972 ἐάσει,

223 2996 380 3062 οὐδέ
421 2995 571 3062 ποτ’
600 2994 937 3085 ἐκπέρσει·
982 2999 1141 3080 πρίν
1189 3021 1305 3080 μιν
1350 2998 1546 3072 κύνες
1591 2994 1784 3079 ἀργοὶ
1831 2996 2157 3060 ἔδονται.“

303 3105 421 3170 τὸν
451 3100 515 3169 δ’.
540 3101 642 3189 ἄρ’
663 3101 924 3187 ὑπόδρα
955 3102 1118 3166 ἰδὼν
1146 3101 1448 3187 προσέφη
1477 3104 1924 3187 κορυθαίολος
1944 3099 2225 3187 ”Εκτωρ·

223 3209 703 3294 ,,Πουλυδάμα,
734 3211 819 3274 σὺ
857 3203 978 3292 μὲν
1003 3202 1216 3273 οὐκέτ’
1247 3205 1394 3291 ἐμοὶ
1440 3210 1603 3291 φίλα
1646 3203 1828 3273 ταῦτ’
1857 3208 2224 3299 ἀγορεύεις,

223 3314 291 3392 ὃς
332 3314 550 3380 κέλεαι
594 3306 756 3378 κατὰ
802 3313 966 3377 ἄστυ
1013 3312 1336 3396 ἀλήμεναι
1381 3306 1564 3388 αὖτις
1611 3315 1848 3389 ἰόντας.
2122 3328 2226 3376 286

222 3415 261 3504 ἦ
306 3421 388 3486 οὔ
431 3442 533 3485 πω
577 3422 942 3504 κεκόρησθε
989 3416 1285 3502 ἐελμένοι
1330 3419 1566 3482 ἔνδοθι
1610 3419 1914 3501 πύργων;
1983 3400 1994 3411 ⁸

223 3523 376 3612 πρὶν
422 3522 542 3611 μὲν
587 3526 737 3611 γὰρ·
764 3524 1095 3609 Πριάμοιο
1141 3526 1338 3587 πόλιν
1384 3520 1660 3604 μέροπες
1705 3522 2052 3599 ἄνθρωποι

178 3614 185 3618 ’
779 3649 783 3654 -
926 3660 932 3665 .
1837 3616 1909 3669 8*
