2525 3884
931 226 1233 280 ωΑΔοΣ
1270 227 1385 280 xx.
2040 225 2169 291 169

173 364 526 451 σμερδαλέα
573 367 808 452 ἰάχων·
849 379 1113 454 πρῶτον
1161 366 1223 434 δ’
1278 368 1424 434 ἕλεν
1464 365 1798 454 Ἰφιτίωνα

172 472 406 539 ἐσθλὸν
445 469 935 560 Ὀτρυντεΐδην,
980 472 1239 540 πολέων
1286 473 1578 561 ἡγήτορα
1623 481 1830 559 λαῶν,

169 578 244 643 ὃν
284 580 527 665 νύμφη.
558 579 702 646 τέκε
746 579 894 664 νηὶς
932 577 1269 666 Ὀτρυντῆι
1315 583 1743 669 πτολιπόρθῳ

174 687 409 773 Τμώλῳ
455 686 588 751 ὕπο
634 689 968 772 νιφόεντι,
998 685 1198 770 1Ὗδης
1242 686 1317 752 ἐν
1361 689 1546 752 πίονι
1592 687 1807 775 δήμῳ·
2065 704 2170 754 386

165 792 276 856 τὸν
320 786 383 858 δ’
434 794 591 869 ὐθὺς
635 803 942 877 μεμαῶτα
985 790 1137 877 βάλ’
1190 795 1371 877 ἔγχει·
1412 794 1555 871 δῖος
1592 788 1923 878 Ἀχιλλεὺς

164 896 405 982 μέσσην
449 900 573 964 κὰκ
617 903 941 984 κεφαλήν·
983 899 1026 983 ἡ
1073 894 1135 965 δ’
1186 899 1423 984 ἄνδιχα
1467 909 1645 965 πᾶσα
1686 901 1958 983 κεάσθη.

169 1003 494 1088 δούπησεν
541 1000 615 1070 δὲ
658 1006 912 1089 πεσών,
957 1004 995 1072 6
1044 1000 1106 1071 δ’
1157 1005 1471 1086 ἐπεύξατο
1517 1007 1660 1085 δῖος
1697 1002 2056 1091 Ἀχιλλεύς·

168 1120 443 1193 ,,κεῖσαι,
483 1104 928 1196 Ὀτρυντεΐδη,
973 1110 1241 1176 πάντων
1287 1109 1708 1195 ἐκπαγλότατ’
1762 1112 2056 1199 ἀνδρῶν·

166 1214 404 1282 ἐνθάδε
448 1240 554 1282 τοι
596 1217 926 1300 θάνατος,
973 1218 1166 1301 γενεὴ
1215 1216 1295 1283 δέ
1334 1221 1445 1283 τοί
1483 1214 1619 1283 ἐστ’
1669 1216 1777 1284 ἐπὶ
1823 1222 2021 1304 λίμνῃ
2067 1235 2176 1285 390

173 1324 441 1409 Γυγαίῃ,
491 1323 608 1389 ὅθι
652 1345 757 1389 τοι
799 1321 1068 1408 τέμενος
1111 1325 1448 1409 πατρώιόν
1492 1323 1703 1406 ἐστιν,

149 1416 351 1516 Ὕλλῳ
400 1426 501 1494 ἐπ’
554 1431 896 1514 ἰχθυόεντι
938 1427 1049 1495 καὶ
1078 1427 1303 1517 Ἕρμῳ
1351 1430 1707 1513 δινήεντι.“

244 1529 332 1613 ὧς
378 1529 565 1620 ἔφατ’
616 1535 988 1620 εὐχόμενος,
1035 1537 1155 1601 τὸν
1202 1532 1279 1601 δὲ
1323 1538 1556 1613 σκότος
1602 1537 1758 1602 ὄσσε
1802 1535 2115 1615 κάλυψεν.

161 1641 272 1706 τὸν
318 1637 443 1727 μὲν
481 1635 758 1726 Ἀχαιῶν
803 1641 990 1707 ἵπποι
1035 1641 1468 1727 ἐπισσώτροις
1512 1640 1825 1709 δατέοντο

158 1746 379 1833 πρώτη
426 1746 500 1812 ἐν
546 1747 792 1834 ὑσμίνῃ
811 1767 828 1784 ·
872 1746 910 1814 6
957 1744 1019 1813 δ’
1071 1742 1172 1813 ἐπ’
1224 1747 1401 1836 αὐτῷ
1448 1748 1913 1834 Δημολέοντα,
2066 1763 2171 1814 395

160 1853 405 1918 ἐσθλὸν
453 1852 813 1939 ἀλεξητῆρα
858 1854 1096 1939 μάχης,
1136 1847 1528 1941 Ἀντήνορος
1571 1856 1756 1938 υίόν,

159 1958 312 2038 νύξε
357 1960 522 2024 κατὰ
570 1962 937 2045 κρόταφον,
982 1957 1224 2043 κυνέης
1270 1960 1381 2025 διὰ
1423 1957 1910 2046 χαλκοπαρῄου.

162 2062 306 2130 οὐδ’
359 2066 489 2150 ἄρα
531 2069 797 2150 χαλκείη
842 2069 1046 2151 κόρυς
1091 2068 1398 2149 ἔσχεθεν,
1446 2064 1610 2130 ἀλλὰ
1656 2060 1744 2130 δι’
1797 2064 1998 2148 αὐτῆς

161 2171 356 2256 αἰχμὴ
407 2167 626 2255 ἱεμένη
675 2167 814 2256 ῥῆξ’
869 2168 1135 2253 ὀστέον,
1181 2168 1546 2254 ἐγκέφαλος
1591 2166 1666 2235 δὲ

163 2279 360 2343 ἔνδον
407 2276 574 2353 ἅπας
616 2276 1016 2341 πεπάλακτο·
1063 2274 1359 2360 δάμασσε
1404 2272 1483 2340 δέ
1523 2298 1638 2359 μιν
1685 2284 2006 2359 μεμαῶτα.
2069 2290 2178 2341 400

154 2382 639 2467 Ἱπποδάμαντα
686 2376 752 2447 δ’
802 2383 1022 2447 ἔπειτα
1067 2376 1228 2447 καθ’
1281 2380 1499 2446 ’ἵππων
1547 2379 1819 2459 ἀίξαντα

162 2491 461 2575 πρόσθεν
506 2487 667 2555 ἕθεν
713 2488 1047 2572 φεύγοντα
1093 2486 1507 2572 μετάφρενον
1555 2487 1795 2552 οὔτασε
1840 2488 2061 2572 δουρί·

167 2594 369 2681 αὐτὰρ
417 2595 451 2661 ὁ
497 2595 724 2679 θυμὸν
768 2595 965 2658 ἄισθε
1000 2590 1112 2658 καὶ
1154 2594 1428 2679 ἤρυγεν,
1476 2593 1565 2672 ὡς
1610 2594 1717 2659 ὅτε
1761 2602 2004 2678 ταῦρος

165 2703 409 2787 ἤρυγεν
455 2699 804 2784 ἑλκόμενος
837 2694 1225 2765 Ἑλικώνιον
1271 2697 1440 2785 ἀμφὶ
1485 2701 1762 2782 ἄνακτα,

166 2808 426 2892 κούρων
471 2804 825 2873 ἑλκόντων·
869 2806 1149 2889 γάνυται
1194 2803 1275 2870 δέ
1311 2828 1382 2870 τε
1425 2817 1565 2883 τοῖς
1609 2805 2013 2890 ἐνοσίχθων·
2069 2821 2173 2871 405

174 2907 259 2991 ὥς
301 2913 428 2998 ἄρα
472 2913 591 2978 τόν
635 2905 704 2995 γ’
754 2911 1077 2997 ἐρυγόντα
1123 2906 1262 2977 λίπ’
1315 2908 1509 2977 ὀστέα
1553 2911 1773 2996 θυμὸς
1818 2909 2106 2997 ἀγήνωρ·

173 3018 370 3103 αὐτὰρ
415 3016 453 3084 6
500 3020 584 3102 βῆ
629 3019 757 3082 σὺν
805 3014 1000 3102 δουρὶ
1046 3011 1185 3101 μετ’
1237 3016 1554 3083 ἀντίθεον
1599 3015 2017 3101 Πολύδωρον

174 3124 566 3209 Πριαμίδην.
637 3124 757 3189 τὸν
805 3118 867 3188 δ’
920 3123 1002 3188 οὔ
1045 3145 1110 3187 τι
1152 3122 1365 3207 πατὴρ
1411 3127 1627 3188 εἴασκε
1672 3122 2027 3207 μάχεσθαι,

176 3229 405 3296 οὕνεκά
451 3229 522 3295 οί
559 3230 719 3314 μετὰ
762 3226 951 3295 παισὶ
995 3229 1320 3304 νεώτατος
1364 3230 1509 3292 ἔσκε
1554 3229 1816 3310 γόνοιο,

176 3339 286 3402 καί
323 3336 393 3401 οί
432 3339 744 3421 φίλτατος
790 3336 958 3417 ἔσκε,
1001 3334 1279 3400 πόδεσσι
1325 3328 1399 3398 δὲ
1441 3332 1693 3410 πάντας
1737 3332 1949 3398 ἐνίκα·
2073 3348 2180 3398 410

181 3445 259 3527 δὴ
299 3445 441 3508 τότε
486 3439 823 3527 νηπιέῃσι,
868 3440 1099 3505 ποδῶν
1144 3438 1381 3526 ἀρετὴν
1429 3437 1849 3524 ἀναφαίνων,

180 3557 340 3617 θῦνε
386 3549 496 3614 δια
540 3547 930 3633 προμάχων,
976 3546 1126 3622 εἵως
1171 3548 1373 3631 φίλον
1421 3545 1624 3609 ὤλεσε
1667 3544 1913 3623 θυμόν.
