2525 3884
998 172 1302 225 ΙΔΙΑΔΟΣ
1337 174 1482 228 ΧΙΧ.
2122 172 2247 236 147

252 305 355 390 ὧς
395 314 585 379 εἰπὼν
631 317 904 399 ἔρριψεν
951 308 1064 381 ἀπ’
1117 314 1416 401 οὐρανοῦ
1460 315 1885 400 ἀστερόεντος
2150 334 2250 384 130

244 416 414 504 χειρὶ
452 421 915 506 περιστρέψας,
962 421 1126 506 τάχα
1175 416 1244 485 δ’
1295 420 1469 487 ἵκετο
1515 416 1659 507 ἔργ’
1709 421 2107 508 ἀνθρώπων.

240 525 370 608 τὴν
409 523 532 592 αἰεὶ
576 521 950 611 στενάχεσχ’
968 575 989 610 ,
1035 523 1147 592 ὅθ’
1193 524 1308 592 ἑὸν
1354 528 1557 610 φίλον
1599 527 1756 593 υίὸν
1799 526 2012 616 ὁρῷτο

206 650 219 657 “
243 631 437 714 ἔργον
479 628 690 709 ἀεικὲς
733 634 969 716 ἔχοντα
1012 630 1125 698 ὑπ’
1178 632 1586 717 Εὐρυσθῆος
1630 631 1915 699 ἀέθλων.

240 730 330 814 ὥς
368 735 473 803 καὶ
518 737 721 822 ἐγών,
778 738 887 804 ὅτε
944 739 1028 822 δὴ
1075 732 1232 805 αὖτε
1277 738 1480 824 μέγας
1521 742 1970 825 κορυθαίολος
1995 737 2247 824 Ἕκτωρ

230 837 563 928 Ἀργείους
608 844 952 910 ὀλέκεσκεν
998 842 1106 911 ἐπὶ
1148 853 1489 931 πρυμνῇσι
1530 843 1825 928 νέεσσιν,
2146 863 2245 912 135

238 948 321 1013 οὐ
366 950 668 1035 δυνάμην
713 947 1075 1017 λελαθέσθ’
1127 952 1315 1034 ἄτης,
1361 941 1406 1037 ᾖ
1450 963 1716 1038 πρῶτον
1761 950 2044 1035 ἀάσθην.

240 1052 384 1121 ἀλλ’
435 1052 576 1121 ἐπεὶ
619 1056 924 1141 ἀασάμην
965 1059 1083 1121 καί
1121 1079 1246 1141 μευ
1291 1054 1542 1142 φρένας
1584 1057 1832 1137 ἐξέλετο
1881 1058 2073 1135 Ζεύς,

237 1159 330 1239 ἂψ
376 1160 589 1227 ἐθέλω
635 1160 886 1248 ἀρέσαι,
935 1162 1215 1247 δόμεναί
1251 1158 1309 1227 τ’
1362 1158 1676 1250 ἀπερείσι’
1727 1165 1994 1230 ἄποινα·

231 1265 377 1333 ἀλλ’
430 1269 634 1354 ὄρσευ
677 1270 1075 1353 πολεμόνδε,
1119 1266 1231 1335 καὶ
1276 1269 1519 1346 ἄλλους
1563 1271 1810 1355 ὄρνυθι
1853 1269 2071 1346 λαούς.

227 1376 414 1461 δῶρα
435 1369 497 1439 δ’
523 1375 694 1459 ἐγὼν
721 1375 836 1441 ὅδε
862 1375 1077 1440 πάντα
1101 1374 1542 1461 παρασχέμεν,
1572 1375 1737 1439 ὅσσα
1760 1397 1865 1440 τοι
1891 1375 2115 1441 ἐλθὼν
2150 1391 2247 1442 140

226 1482 458 1567 χθιζὸς
502 1478 606 1546 ἐνὶ
647 1484 979 1566 κλισίῃσιν
1023 1478 1341 1565 ὑπέσχετο
1388 1481 1531 1558 δῖος
1567 1477 1936 1559 Ὀδυσσεύς.

225 1588 292 1653 εί
337 1580 405 1653 δ’
458 1583 739 1670 ἐθέλεις,
786 1586 1126 1671 ἐπίμεινον
1171 1586 1591 1671 ἐπειγόμενός
1633 1608 1756 1673 περ
1782 1586 2052 1674 Ἄρηος·

223 1695 417 1777 δῶρα
462 1689 543 1758 δέ
580 1715 685 1758 τοι
727 1692 1136 1778 θεράποντες
1180 1691 1337 1777 ἐμῆς
1379 1694 1557 1777 παρὰ
1598 1694 1760 1777 νηὸς
1804 1692 2063 1772 ἑλόντες

224 1794 525 1882 οἴσουσ’,
561 1800 740 1883 ὄφρα
787 1800 1004 1883 ἴδηαι,
1051 1798 1089 1864 ὅ
1132 1782 1237 1864 τοι
1282 1797 1621 1883 μενοεικέα
1666 1800 1924 1866 δώσω.“

319 1906 439 1970 τὸν
476 1898 538 1969 δ’
572 1904 1096 1990 ἀπαμειβόμενος
1122 1903 1424 1990 προσέφη
1454 1907 1662 1982 πόδας
1699 1905 1872 1982 ὠκὺς
1892 1900 2242 1989 Ἀχιλλεύς·

221 2006 564 2097 ,,Ἀτρεΐδη
609 2011 907 2094 κύδιστε,
953 2010 1118 2091 ἅναξ
1161 2011 1430 2096 ἀνδρῶν
1467 2004 1909 2095 Ἀγάμεμνον,
2145 2028 2243 2077 146

224 2119 417 2203 δῶρα
460 2114 613 2202 μέν,
668 2122 746 2182 αἴ
780 2113 841 2181 κ’
894 2115 1264 2202 ἐθέλῃσθα,
1310 2115 1759 2202 παρασχέμεν,
1817 2117 1907 2194 ὡς
1949 2116 2243 2206 ἐπιεικές,

61 2269 67 2276 .
156 2261 160 2267 .
221 2227 272 2308 ἥ
317 2216 378 2287 τ’
427 2221 681 2307 ἐχέμεν·
725 2223 901 2309 πάρα
948 2225 1073 2288 σοί
1117 2231 1247 2287 νῦν
1293 2218 1368 2287 δὲ
1412 2222 1821 2306 μνησώμεθα
1863 2223 2162 2323 χάρμης,
2173 2310 2174 2313 ¹
2215 2270 2220 2277 ·

227 2323 399 2408 αἶψα
443 2322 594 2413 μάλ’
597 2336 631 2395 K
664 2329 747 2394 οὐ
790 2330 917 2413 γὰρ
963 2330 1088 2415 χρὴ
1132 2328 1558 2394 κλοτοπεύειν
1603 2321 1836 2393 ἐνθάδ’
1887 2324 2116 2408 ἐόντας

229 2431 394 2501 οὐδὲ
439 2436 828 2521 διατρίβειν·
875 2437 971 2500 ἔτι
1014 2435 1142 2520 γὰρ
1187 2432 1353 2518 μέγα
1399 2437 1599 2517 ἔργον
1644 2434 1943 2520 ἄρεκτον·
2143 2416 2302 2502 150”
2339 2412 2348 2437 ι’
2397 2452 2408 2461 “

234 2537 355 2624 [ὥς
395 2538 476 2606 κέ
514 2563 614 2618 τις
659 2534 802 2606 αὖτ’
849 2533 1113 2625 ’Λχιλῆα
1156 2541 1317 2624 μετὰ
1358 2541 1719 2625 πρώτοισιν
1764 2541 1982 2623 ἴδηται

232 2649 413 2731 ἔγχεϊ
452 2649 728 2734 χαλκείῳ
772 2646 1020 2732 Τρώων
1065 2643 1381 2711 ὀλέκοντα
1426 2645 1796 2729 φάλαγγας,

234 2748 371 2819 ὧδέ
410 2775 509 2830 τις
551 2751 801 2836 ὑμείων
846 2755 1255 2836 μεμνημένος
1299 2749 1498 2837 ἀνδρὶ
1541 2750 1947 2836 μαχέσθω.]“

320 2858 439 2924 τὸν
486 2855 548 2924 δ’
591 2859 1112 2944 ἀπαμειβόμενος
1145 2855 1449 2943 προσέφη
1485 2859 1848 2941 πολύμητις
1868 2855 2241 2936 Ὀδυσσεύς·

232 2963 369 3047 ,,μὴ
402 2963 486 3045 δὴ
516 2962 753 3046 οὕτως,
782 2963 1039 3047 ἀγαθός
1062 2984 1186 3049 περ
1218 2961 1378 3045 ἐών,
1414 2956 1739 3028 θεοείκελ’
1780 2962 2099 3048 Ἀχιλλεῦ,
2141 2981 2240 3031 155

219 3069 507 3150 ,νήστιας
551 3069 788 3154 ὄτρυνε
832 3066 1026 3154 προτὶ
1052 3068 1264 3133 Ἴλιον
1308 3059 1458 3145 υἷας
1495 3065 1772 3153 Ἀχαιῶν

243 3170 465 3256 Τρωσὶ
509 3172 1027 3258 μαχησομένους,
1074 3169 1215 3238 ἐπεὶ
1259 3172 1383 3237 οὐκ
1427 3172 1656 3256 ὀλίγον
1699 3176 1945 3259 χρόνον
1990 3176 2170 3240 ἔσται

235 3280 545 3364 φύλοπις,
592 3272 725 3344 εὖτ’
777 3277 861 3344 ἂν
904 3288 1170 3365 πρῶτον
1216 3277 1579 3362 ὁμιλήσωσι
1622 3278 1953 3363 φάλαγγες

238 3383 523 3471 ἀνδρῶν,
560 3383 635 3450 ἐν
681 3380 756 3450 δὲ
797 3386 958 3462 θεὸς
1000 3383 1252 3469 πνεύσῃ
1300 3381 1498 3467 μένος
1542 3382 2037 3468 ἀμφοτέροισιν·

241 3489 404 3556 ἀλλὰ
446 3490 787 3556 πάσασθαι
833 3491 1090 3574 ἄνωχθι
1133 3496 1305 3573 θοῇς
1349 3487 1455 3554 ἐπὶ
1498 3486 1741 3569 νηυσὶν
1777 3483 2072 3570 Ἀχαιοὺς
2137 3504 2237 3552 160

1814 3588 1921 3638 10*
