2525 3884
48 2292 49 2309 „„
48 2198 51 2239 „r
48 2058 53 2176 „.-.—-.„
48 1838 55 2035 ᾐᾞ
50 1256 57 1651 —---r-——=-·-——-2

930 181 1231 234 muoz
1266 183 1464 238 xvm.
2073 186 2201 251 123

184 321 658 405 Μυρμιδόνων
699 323 819 388 τὸν
863 323 1137 407 ἄριστον
1181 325 1279 393 ἔτι
1331 324 1611 404 ζώοντος
1654 326 1831 410 ἐμεῖο
2135 346 2200 396 10

179 424 406 512 χερσὶν
453 427 595 492 ὕπο
648 427 898 514 Τρώων
942 429 1196 505 λείψειν
1241 429 1416 513 φάος
1457 429 1727 514 ἠελίοιο.

177 525 217 612 ἦ
260 530 442 615 μάλα
495 534 582 617 δὴ
626 532 909 617 τέθνηκε
949 535 1318 599 Μενοιτίου
1363 537 1638 620 ἄλκιμος
1680 538 1854 621 υἱός,

104 715 114 722 ,
175 636 510 721 σχέτλιος·
556 635 599 723 ἦ
641 634 701 703 τ’
745 638 1049 706 ἐκέλευον
1093 640 1534 726 ἀπωσάμενον
1580 643 1774 727 δήιον
1793 722 1800 726 ,
1817 652 1949 728 πῦρ

174 739 267 819 ἂψ
303 742 419 807 ἐπὶ
467 753 637 828 νῆας
682 750 860 828 ῐμεν,
905 741 1059 831 μηδ’
1093 743 1358 832 Ἕκτορι
1404 742 1510 832 ἶφι
1555 748 1948 834 μάχεσθαι.“

260 839 404 927 εἷος
453 850 497 916 ὁ
542 846 740 916 ταῦθ’
782 851 1070 938 ὥρμαινε
1112 854 1278 917 κατὰ
1321 851 1538 939 φρένα
1583 852 1693 919 καὶ
1735 855 1900 920 κατὰ
1944 857 2200 939 θυμόν,

173 954 398 1039 τόφρα
449 957 529 1021 οἱ
567 956 855 1039 ἐγγύθεν
899 950 1110 1038 ἦλθεν
1154 954 1411 1038 ἀγαυοῦ
1455 956 1794 1044 Νέστορος
1837 959 1987 1036 υίὸς
2136 975 2200 1025 16

175 1058 442 1147 δάκρυα
491 1063 712 1147 θερμὰ
754 1060 955 1147 χέων,
1002 1062 1174 1147 φάτο
1220 1058 1286 1127 δ’
1328 1062 1642 1148 ἀγγελίην
1686 1064 2057 1149 ἀλεγεινήν·

174 1166 272 1246 „65
319 1190 481 1251 μοι,
531 1165 793 1251 Πηλέος
834 1164 939 1232 υἱὲ
985 1168 1383 1253 δαΐφρονος,
1429 1164 1471 1251 ἦ
1518 1169 1691 1252 μάλα
1735 1173 1980 1255 λυγρῆς

173 1272 464 1339 πεύσεαι
509 1268 844 1357 ἀγγελίης,
889 1273 931 1358 ἣ
968 1274 1055 1358 μὴ
1103 1275 1361 1358 ὤφελλε
1405 1271 1742 1357 γενέσθαι.

175 1387 391 1444 κεῖται
443 1379 858 1464 Πάτροκλος,
899 1376 1136 1455 νέκυος
1181 1375 1256 1444 δὲ
1304 1379 1387 1463 δὴ
1434 1378 1923 1464 ἀμφιμάχονται
2131 1396 2199 1445 20

175 1494 479 1566 γυμνοῦ·
524 1484 688 1568 ἀτὰρ
731 1483 812 1547 τά
854 1506 930 1566 γε
972 1481 1183 1567 τεύχε’
1227 1486 1360 1569 ἔχει
1410 1486 1855 1569 κορυθαίολος
1883 1482 2199 1570 Ἕκτωρ.“

266 1584 362 1666 ὧς
411 1590 620 1675 φάτο,
663 1592 782 1655 τὸν
829 1582 889 1654 δ’
933 1591 1122 1674 ἄχεος
1167 1588 1415 1675 νεφέλη
1462 1590 1746 1668 ἐκάλυψε
1789 1587 2084 1674 μέλαινα.

180 1693 603 1782 ἀμφοτέρῃσι
650 1692 724 1760 δὲ
766 1693 994 1782 χερσὶν
1041 1694 1210 1761 ἑλὼν
1254 1699 1450 1762 κόνιν
1495 1699 1945 1764 αίθαλόεσσαν

179 1802 428 1884 χεύατο
473 1805 597 1868 κάκ
638 1806 955 1886 κεφαλῆς,
1000 1804 1229 1887 χαρίεν
1277 1798 1338 1866 δ’
1378 1801 1626 1890 ᾔσχυνε
1669 1805 2052 1889 πρόσωπον·

184 1907 519 1996 νεκταρέῳ
567 1904 643 1973 δὲ
683 1918 912 1992 χιτῶνι
957 1901 1210 1991 μέλαιν’
1254 1905 1578 1992 ἀμφίζανε
1622 1907 1850 1994 τέφρη.
2129 1923 2196 1972 25

184 2012 390 2092 αὐτὸς
438 2009 500 2080 δ’
544 2014 618 2080 έν
660 2016 922 2100 κονίῃσι
968 2011 1168 2098 μέγας
1211 2010 1578 2097 μεγαλωστὶ
1621 2009 1980 2089 τανυσθεὶς

184 2130 399 2206 κεῖτο,
445 2123 679 2205 φίλῃσι
725 2115 801 2184 δὲ
843 2116 1028 2205 χερσὶ
1071 2121 1284 2202 κόμην
1326 2116 1575 2203 ᾔσχυνε
1622 2118 1883 2196 δαΐζων.

187 2223 410 2308 δμωαὶ
454 2221 545 2308 δ’,
592 2224 669 2301 ἃς
708 2219 997 2310 Ἀχιλεὺς
1041 2227 1355 2307 ληίσσατο
1400 2223 1783 2309 Πάτροκλός
1825 2244 1926 2305 τε,

48 2318 49 2389 ἦ
186 2333 418 2416 θυμὸν
463 2327 855 2416 ἀκηχέμεναι
889 2325 1116 2413 μεγάλ’
1160 2335 1383 2412 ἴαχον,
1435 2327 1507 2394 ἐκ
1553 2324 1627 2394 δὲ
1661 2328 1910 2413 θύραζε

48 2494 51 2527 ;
187 2435 483 2522 ἔδραμον
528 2431 690 2520 ἀμφ’
736 2429 996 2518 Ἀχιλῆα
1042 2435 1405 2519 δαΐφρονα,
1451 2429 1639 2518 χερσὶ
1684 2428 1760 2498 δὲ
1801 2441 2005 2498 πᾶσαι
2130 2449 2199 2499 30

54 2596 71 2617 ⁴
190 2545 443 2626 στήθεα
486 2542 931 2625 πεπλήγοντο,
978 2541 1188 2614 λύθεν
1235 2534 1301 2605 δ’
1342 2539 1471 2604 ὑπὸ
1518 2548 1673 2622 γυῖα
1717 2536 2006 2622 ἑκάστης.

48 2680 51 2689 ·
187 2638 557 2731 Ἀντίλοχος
600 2644 662 2711 δ’
707 2644 1032 2731 ἑτέρωθεν
1078 2645 1357 2730 ὀδύρετο
1404 2643 1659 2729 δάκρυα
1704 2648 1975 2728 λείβων,

48 2788 57 2797 ·
191 2765 411 2841 χεῖρας
456 2756 625 2837 ἔχων
663 2746 981 2837 Ἀχιλῆος·
1029 2750 1064 2816 ὁ
1104 2746 1166 2816 δ’
1208 2754 1431 2816 ἔστενε
1474 2750 1841 2833 κυδάλιμον
1885 2759 2035 2835 κῆρ·

195 2857 398 2926 δείδιε
441 2859 600 2943 γάρ,
644 2858 733 2943 μὴ
778 2858 1018 2943 λαιμὸν
1062 2856 1422 2942 ἀπαμήσειε
1467 2857 1738 2943 σιδήρῳ.

194 2963 596 3048 σμερδαλέον
642 2960 705 3028 δ’
748 2961 1043 3051 ᾤμωξεν·
1089 2963 1332 3027 ἄκουσε
1379 2958 1455 3027 δὲ
1497 2963 1734 3027 πότνια
1782 2961 1993 3045 μήτηρ
2127 2977 2196 3026 3ο

194 3069 398 3155 ἡμένη
445 3071 519 3137 ἐν
564 3068 923 3155 βένθεσσιν
968 3068 1127 3145 ἁλὸς
1168 3070 1348 3153 παρὰ
1390 3065 1589 3153 πατρὶ
1631 3065 1898 3153 γέροντι

194 3175 490 3242 κώκυσέν
533 3170 591 3241 τ’
635 3173 739 3262 ἄρ’
784 3178 1028 3241 ἔπειτα·
1073 3171 1230 3239 θεαὶ
1275 3171 1358 3239 δέ
1395 3197 1511 3259 μιν
1556 3171 2048 3258 ἀμφαγέροντο,

196 3291 423 3366 πᾶσαι,
469 3282 622 3346 ὅσαι
663 3282 826 3346 κατὰ
871 3275 1117 3365 βένθος
1163 3279 1319 3356 ἁλὸς
1361 3281 1701 3365 Νηρηίδες
1742 3274 1932 3363 ἦσαν.

199 3384 369 3469 [ἔνθ’
413 3381 520 3474 ἄρ’
562 3390 680 3472 ἔην
726 3388 989 3471 Γλαύκη
1034 3409 1105 3452 τε
1150 3385 1395 3452 Θάλειά
1437 3408 1509 3452 τε
1551 3385 1912 3470 Κυμοδόκη
1956 3407 2058 3466 τε,

66 3576 69 3581 μ
199 3497 458 3579 Νησαίη
505 3493 730 3558 Σπειώ
773 3514 844 3557 τε
890 3495 1027 3575 Θόη
1073 3487 1145 3557 θ’
1187 3488 1371 3573 Ἀλίη
1416 3512 1488 3554 τε
1532 3494 1807 3572 βοῶπις,
2127 3503 2194 3550 40
