2525 3884
1068 166 1370 220 ωΑΔοΣ
1406 166 1550 219 xrv.
2219 169 2301 234 37

293 310 388 385 ὡς
424 305 793 395 εΗρακλῆος
828 309 1257 395 περιχώσατο,
1302 311 1540 387 παιδὸς
1584 308 1754 388 ἑοῖο;

292 413 443 481 ἀλλ’
496 412 620 498 138²,
666 414 796 498 ἐγὼ
844 413 926 480 δέ
962 413 1041 480 κέ
1079 437 1183 480 τοι
1226 418 1512 499 χαρίτων
1557 419 1716 501 μίαν
1761 415 2180 504 ὁπλοτεράων
2267 459 2276 468 ·

202 531 209 538 ’
294 523 495 587 δώσω
541 520 926 606 ὀπυιέμεναι
968 518 1079 585 καὶ
1124 522 1252 605 σὴν
1296 526 1659 606 κεκλῆσθαι
1705 524 1992 606 ἄκοιτιν,

295 625 712 711 [Πασιθέην,
758 622 837 711 ἧς
881 622 1024 692 αἰὲν
1070 625 1323 692 ἐέλδεαι
1366 629 1579 713 ἤματα
1623 629 1885 711 πάντα.]
2205 645 2308 695 269

369 729 459 811 ὧς
478 734 672 819 φάτο,
691 734 935 819 χήρατο
961 727 1026 798 δ’
1048 730 1319 817 Ἵότνος,
1351 732 1782 819 ἀμειβόμενος
1819 731 1894 799 δὲ
1916 735 2288 820 προσηύδα·

291 841 534 925 »ἄγρει
576 848 706 904 νῦν
749 861 864 923 μοι
908 839 1202 923 ὄμοσσον
1247 838 1495 905 ἀάατον
1541 841 1804 924 Στυγὸς
1845 840 2061 923 ὕδωρ,

280 943 470 1031 ’χειρὶ
518 943 592 1010 δὲ
636 952 715 1029 τῇ
763 933 949 1030 ἑτέρῃ
987 940 1111 1029 μὲν
1154 943 1261 1010 ἕλε
1306 948 1527 1030 χθόνα
1570 949 2131 1032 πουλυβότειραν,

291 1061 379 1137 τῇ
426 1048 487 1116 δ’
539 1049 726 1137 ἑτέρῃ
771 1052 897 1116 ἅλα
941 1049 1355 1137 μαρμαρέην,
1401 1051 1513 1117 ἵνα
1555 1062 1724 1119 νῶιν
1769 1053 2051 1129 ἅπαντες

77 1190 91 1201 .
158 1178 161 1179 ⁷
292 1156 623 1242 μάρτυροι
669 1150 783 1222 ὦσ’
837 1157 909 1221 οἱ
948 1158 1184 1244 ἔνερθε
1228 1154 1382 1222 θεοὶ
1425 1160 1696 1243 Κρόνον
1742 1156 1949 1244 ἀμφὶς
1993 1157 2240 1241 ἕόνΐδς,

290 1259 337 1347 ἦ
385 1258 506 1354 μὲν
552 1260 697 1346 ἐμοὶ
742 1262 985 1327 δώσειν
1028 1265 1318 1348 χαρίτων
1362 1264 1520 1347 μίαν
1567 1263 2040 1350 ὁπλοτεράων,·
2200 1280 2307 1329 275

292 1367 683 1453 Πασιθέην,
730 1365 809 1454 ἧς
851 1366 909 1434 τ’
962 1369 1161 1446 αὐτὸς
1197 1367 1504 1454 ἐέλδομαι
1548 1370 1765 1454 ἤματα
1809 1370 2083 1435 πάντα.“

389 1470 478 1551 ὧς
523 1469 739 1560 ἔφατ’,
786 1474 945 1540 οὐδ’
993 1474 1283 1558 ἀπίθησε
1326 1474 1456 1540 θεά
1466 1522 1487 1558 ,
1533 1474 1939 1551 λευκώλενος
1964 1473 2161 1562 ”Ηρη,

294 1583 523 1666 ὤμνυε
561 1577 650 1663 δ’,
697 1580 788 1657 ὡς
832 1578 1116 1664 ἐκέλευε,
1161 1582 1371 1657 θεοὺς
1415 1577 1480 1645 δ’
1531 1578 1864 1665 ὀνόμηνεν
1908 1580 2199 1659 ἅπαντας

192 1721 197 1725 -
290 1688 457 1763 τοὺς
498 1685 1052 1772 ὑποταρταρίους,
1100 1689 1172 1751 οἳ
1217 1690 1487 1770 Τιτῆνες
1528 1685 1891 1752 καλέονται.

295 1792 507 1877 αὐτὰρ
553 1791 698 1857 ἐπεί
735 1786 798 1877 ῤ’
849 1790 1091 1876 ὄμοσέν
1134 1815 1204 1858 τε
1239 1791 1629 1875 τελεύτησέν
1671 1815 1742 1858 τε
1786 1794 1905 1858 τὸν
1950 1794 2153 1879 ὅρκον
2170 1840 2190 1875 ,
2208 1807 2312 1857 280

292 1900 391 1963 τὼ
437 1899 672 1982 βήτην,
719 1900 1000 1981 Λήμνου
1035 1920 1105 1963 τε
1149 1895 1258 1962 καὶ
1286 1896 1564 1984 Ἴμβρου
1610 1899 1777 1963 ἄστυ
1823 1901 2116 1981 λιπόντε,

294 2004 460 2090 ἠέρα
507 2002 845 2088 ἑσσαμένω
890 2003 1103 2090 ῥίμφα
1146 2007 1519 2089 πρήσσοντε
1563 2002 1908 2070 κέλευθον.

275 2110 474 2194 Ἴδην
519 2107 581 2175 δ’
635 2107 913 2192 ἱκέσθην
958 2112 1400 2193 πολυπίδακα,
1447 2109 1694 2195 μητέρα
1729 2115 1994 2195 θηρῶν,

295 2218 581 2299 Λεκτόν,
628 2214 746 2280 ὅθι
789 2225 1055 2300 πρῶτον
1100 2215 1370 2300 λιπέτην
1415 2216 1565 2280 ἅλα·
1611 2216 1703 2280 τὼ
1752 2212 1813 2279 δ’
1868 2212 1972 2280 ἐπὶ
2016 2213 2258 2301 χέρσου

296 2324 529 2407 βήτην,
566 2321 888 2405 ἀκροτάτη
927 2318 1000 2388 δὲ
1036 2323 1264 2388 ποδῶν
1308 2322 1439 2387 ὕπο
1487 2323 1697 2386 σείετο
1742 2321 1887 2405 ὕλη.
2207 2337 2309 2388 285

297 2427 444 2494 ἔνθ’
482 2426 725 2504 Ὕπνος
770 2423 891 2512 μὲν
936 2429 1151 2512 ἔμεινε
1194 2428 1405 2512 πάρος
1448 2428 1616 2505 Διὸς
1652 2429 1809 2493 ὄσσε
1855 2426 2146 2512 ἰδέσθαι,

297 2537 392 2612 είς
437 2534 673 2617 ἐλάτην
718 2533 969 2617 ἀναβὰς
1011 2537 1474 2620 περιμήκετον,
1520 2533 1562 2618 ἣ
1607 2532 1741 2600 τότ’
1795 2533 1869 2600 ἐν
1894 2533 2041 2621 Ἴδῃ

297 2640 670 2725 μακροτάτη
716 2649 1011 2723 πεφυυῖα
1058 2633 1148 2705 δι’
1197 2638 1393 2724 ήέρος
1437 2636 1655 2725 αὐθέρ’
1709 2640 1961 2705 ἵκανεν·

146 2822 163 2833 )
296 2743 449 2811 ἔνθ’
500 2740 643 2829 ἦστ’
695 2746 944 2823 ὄζοισιν
988 2743 1488 2829 πεπυκασμένος
1532 2747 1987 2829 εἰλατίνοισιν,

296 2855 527 2939 ὄρνιθι
570 2855 809 2936 λιγυρῇ
854 2850 1248 2935 ἐναλίγκιος,
1294 2852 1381 2935 ἥν
1426 2845 1484 2916 τ’
1537 2850 1610 2917 ἐν
1656 2852 1923 2937 ὄρεσσιν
2201 2869 2305 2919 290

222 2952 223 2955 ¹
293 2959 570 3043 χαλκίδα
614 2958 1042 3042 κικλήσκουσι
1085 2959 1269 3039 θεοί,
1315 2957 1556 3042 ἄνδρες
1601 2953 1675 3021 δὲ
1718 2956 2049 3040 κύμινδιν.
2146 2989 2152 2994 ·

280 3062 453 3151 Ἥρη
503 3059 575 3129 δὲ
621 3072 957 3149 κραιπνῶς
998 3064 1443 3148 προσεβήσετο
1490 3061 1843 3148 Γάργαρον
1888 3063 2094 3149 ἄκρον

212 3220 216 3222 ἡ
279 3169 460 3254 Ἴδης
503 3169 789 3253 ὑψηλῆς·
836 3170 938 3234 ἴδε
984 3164 1058 3232 δὲ
1101 3165 1580 3253 νεφεληγερέτα
1628 3167 1811 3244 Ζεύς.

292 3277 382 3353 ὡς
419 3273 481 3341 δ’
529 3277 704 3357 ἴδεν,
755 3269 869 3351 ὧς·
887 3297 1004 3359 μιν
1041 3275 1191 3358 ἔρος
1225 3275 1506 3350 πυκινὰς
1544 3270 1794 3358 φρένας
1831 3272 2319 3359 ἀμφεκάλυψεν,

292 3373 439 3448 οἷον
484 3382 591 3447 ὅτε
626 3382 899 3466 ,πρῶτόν
943 3400 1064 3466 περ
1111 3378 1515 3463 ἐμισγέσθην
1561 3381 1893 3463 φιλότητι,
2200 3393 2301 3442 295

292 3488 385 3564 εἰς
430 3486 636 3570 εὐνὴν
681 3496 1008 3571 φοιτῶντε
1055 3487 1295 3564 φίλους
1339 3487 1627 3561 λήθοντε
1672 3491 1927 3555 τοκῆας.
2237 3496 2240 3503 “
