2525 3884
999 176 1300 228 ΙΛΙΑΔΟΣ
1336 177 1529 230 xxw.
2135 172 2266 237 247

265 314 424 402 πρὶν
469 317 965 402 ἀλαπαζομένην
1009 342 1098 399 τε,
1123 321 1321 384 πόλιν
1365 316 1831 405 κεραϊζομένην
1873 341 1944 384 τε
2167 334 2270 384 245

265 422 717 507 ὀφθαλμοῖσιν
762 424 968 508 ἰδεῖν,
1013 427 1213 508 βαίην
1259 426 1471 509 δόμον
1513 423 1741 501 ’Ἄιδος
1786 425 2004 490 εἴσω.“

351 523 392 611 ἧ
436 526 546 594 καὶ
591 531 930 617 σκηπανίῳ
977 523 1146 595 δίεπ’
1189 529 1454 617 ἀνέρας·
1500 530 1571 595 οἰ
1611 524 1673 595 δ’
1716 535 1869 595 ἴσαν
1916 529 2038 608 ἔξω

264 632 736 720 σπερχομένοιο
780 634 1111 722 γέροντος.
1182 635 1220 702 ὁ
1258 633 1321 702 δ’
1362 636 1589 702 υἱάσιν
1635 627 1812 701 οἶσιν
1857 635 2139 721 ὁμόκλα,

260 742 562 805 νεικείων
605 739 883 807 Ἕλενόν
930 765 1001 808 τε
1046 742 1270 827 Πάριν
1313 740 1371 807 τ’
1432 739 1783 827 Ἀγάθωνά
1826 764 1896 807 τε
1944 742 2094 807 δῖον

263 845 596 930 Πάμμονά
627 841 687 911 τ’
732 843 1124 932 Ἀντίφονόν
1150 871 1221 913 τε
1248 851 1417 933 βοὴν
1445 849 1707 932 ἀγαθόν
1733 870 1803 913 τε
1832 850 2128 931 Πολίτην
2166 863 2272 912 250

265 953 624 1036 Δηίφοβόν
669 975 739 1018 τε
781 950 893 1018 καὶ
942 956 1292 1020 Ιππόθοον
1336 952 1447 1019 καὶ
1488 958 1664 1020 Δῖον
1710 953 1990 1038 ἀγαυόν·

261 1054 457 1123 ἐννέα
500 1068 639 1136 τοῖς
682 1057 720 1124 ὁ
766 1061 1030 1145 γεραιὸς
1075 1058 1445 1143 ὁμοκλήσας
1488 1058 1812 1125 ἐκέλευεν·

262 1162 636 1247 ,,σπεύσατέ
661 1187 806 1247 μοι,
832 1166 999 1229 κακὰ
1025 1163 1251 1247 τέκνα,
1281 1166 1675 1249 κατηφόνες·
1704 1163 1847 1230 αἴθ’
1876 1166 2008 1248 ἅμα
2034 1164 2273 1241 πάντες

259 1268 572 1356 Ἕκτορος
616 1264 889 1354 ὠφέλετ’
931 1268 1079 1335 ἀντὶ
1121 1277 1293 1356 θοῇς
1338 1269 1445 1336 ἐπὶ
1487 1268 1688 1354 νηυσὶ
1732 1272 2093 1356 πεφάσθαι..

263 1377 315 1439 ὦ
360 1399 475 1459 μοι
520 1364 667 1458 ἐγὼ
691 1375 1143 1461 πανάποτμος,
1190 1374 1331 1442 ἐπεὶ
1375 1375 1569 1442 τέκον
1612 1368 1763 1454 υἷας
1807 1376 2118 1463 ἀρίστους
2170 1391 2272 1442 256

272 1483 474 1568 Τροίῃ
520 1480 595 1546 ἐν
639 1481 891 1568 εὐρείῃ,
935 1493 1070 1547 τῶν
1115 1476 1179 1549 δ’
1221 1483 1305 1549 οὔ
1349 1483 1500 1549 τινά
1546 1507 1716 1568 φημι
1761 1486 2139 1565 λελεῖφθαι,

122 1620 143 1627 ·-
260 1588 588 1674 Μήστορά
632 1584 689 1652 τ’
733 1586 1049 1654 ἀντίθεον
1092 1586 1203 1653 καὶ
1256 1592 1555 1673 Τρωίλον
1603 1588 2047 1674 ἱππιοχάρμην

259 1690 541 1777 Ἕκτορά
584 1690 687 1777 θ’,
733 1693 808 1771 ὃς
849 1695 1009 1770 θεὸς
1054 1696 1201 1759 ἔσκε
1246 1690 1384 1778 μετ’
1428 1693 1784 1779 ἀνδράσιν,
1831 1689 1991 1759 οὐδὲ
2042 1690 2275 1782 ἐῴκειν
2359 1726 2366 1743 1

262 1798 507 1883 ἀνδρός
550 1821 626 1882 γε
669 1805 929 1883 θνητοῦ
973 1798 1125 1875 πάις
1170 1801 1471 1883 ἔμμεναι,
1527 1798 1693 1865 ἀλλὰ
1735 1805 1955 1865 θεοῖο·

260 1907 418 1982 τοὺς
452 1898 575 1988 μὲν
610 1900 892 1971 ἀπώλεσ’
926 1903 1159 1991 Ἄρης,
1188 1906 1270 1970 τὰ
1299 1901 1361 1970 δ’
1387 1904 1649 1990 ἐλέγχεα
1675 1905 1889 1970 πάντα
1916 1903 2275 1988 λέλειπται,

261 2013 547 2089 ψεῦσταί
583 2008 646 2074 τ’
699 2011 1020 2097 ὀρχησταί
1056 2034 1155 2093 τε,
1203 2014 1704 2097 χοροιτυπίῃσιν
1747 2011 2036 2096 ἄριστοι,
2168 2027 2272 2076 261

262 2114 485 2199 ἀρνῶν
530 2114 635 2199 ἠδ’
689 2116 939 2202 ἐρίφων
985 2117 1319 2201 ἐπιδήμιοι
1365 2115 1787 2202 ἁρπακτῆρες.

263 2221 385 2287 οὐκ
429 2221 514 2287 ἂν
560 2222 643 2305 δή
687 2246 801 2307 μοι
845 2222 1100 2307 ἄμαξαν
1147 2222 1612 2307 ἐφοπλίσσαιτε
1656 2222 1956 2307 τάχιστα,

260 2328 466 2393 ταῦτά
508 2350 578 2393 τε
622 2325 812 2393 πάντ’
857 2328 1176 2411 ἐπιθεῖτε,
1222 2329 1336 2393 ἵνα
1378 2330 1776 2415 πρήσσωμεν
1822 2327 2007 2393 ὁδοῖο
2021 2329 2086 2407 ;“

349 2428 438 2510 ὥς
466 2427 694 2517 ἔφαθ’,
726 2434 797 2499 οί
835 2430 896 2499 δ’
923 2435 1050 2520 ἄρα
1073 2435 1320 2516 πατρὸς
1348 2433 1819 2510 ὑποδείσαντες
1845 2432 2135 2519 ὁμοκλὴν
2163 2448 2271 2498 265

261 2536 335 2602 ἐκ
378 2536 502 2623 μὲν
547 2538 801 2623 ἄμαξαν
846 2541 1076 2624 ἄειραν
1123 2540 1442 2625 ἐύτροχον
1486 2539 1831 2624 ἡμιονείην

260 2645 469 2728 καλὴν
514 2653 940 2729 πρωτοπαγῆ,
986 2648 1303 2732 πείρινθα
1351 2642 1425 2712 δὲ
1470 2646 1682 2729 δῆσαν
1729 2637 1833 2710 ἐπ’
1885 2644 2117 2728 αὐτῆς,

263 2750 388 2814 κὰδ
434 2747 497 2816 δ’
549 2750 677 2816 ἀπὸ
722 2754 1103 2836 πασσαλόφι
1149 2754 1348 2835 ζυγὸν
1392 2750 1593 2837 ᾕρεον
1638 2748 2011 2834 ἡμιόνειον,

260 2856 542 2935 πύξινον
588 2857 950 2943 ὀμφαλόεν,
995 2857 1071 2924 ἐὺ
1109 2860 1445 2942 οἰήκεσσιν
1482 2856 1754 2941 ἀρηρός,

263 2960 336 3026 ἐκ
381 2959 442 3028 δ’
496 2966 741 3050 ἔφερον
788 2964 1193 3047 ζυγόδεσμον
1238 2963 1370 3045 ἅμα
1419 2965 1589 3049 ζυγῷ
1638 2961 2021 3046 ἐννεάπηχυ.
2173 2979 2284 3027 270

261 3065 372 3133 καὶ
414 3070 489 3134 τὸ
534 3066 658 3154 μὲν
703 3064 780 3136 εὖ
822 3068 1196 3152 κατέθηκαν
1243 3064 1522 3155 ἐυξέστῳ
1570 3065 1675 3133 ἐπὶ
1720 3066 1939 3153 ῥυμῷ,

160 3249 166 3254 ,
262 3170 418 3259 πέζῃ
465 3177 571 3241 ἔπι
615 3176 862 3262 πρώτῃ,
911 3171 1013 3240 ἐπὶ
1062 3169 1136 3239 δὲ
1180 3176 1413 3260 κρίκον
1459 3172 1681 3255 ἕστορι
1718 3173 1994 3256 βάλλον,

260 3277 404 3367 τρὶς
449 3274 511 3344 δ’
553 3278 905 3367 ἑκάτερθεν
951 3280 1198 3362 ἔδησαν
1243 3275 1344 3343 ἐπ’
1410 3277 1745 3362 ὀμφαλόν,
1801 3278 2005 3364 αὐτὰρ
2061 3281 2282 3344 ἔπειτα

262 3386 469 3470 ἑξείης
513 3382 904 3468 κατέδησαν,
949 3383 1078 3449 ὑπὸ
1123 3388 1416 3469 γλωχῖνα
1463 3380 1529 3449 δ’
1582 3385 1898 3467 ἔκαμψαν.

261 3492 335 3559 ἐκ
377 3490 690 3576 θαλάμου
737 3486 812 3554 δὲ
859 3487 1178 3576 φέροντες
1224 3487 1529 3571 ἐυξέστης
1565 3482 1667 3553 ἐπ’
1720 3487 1972 3566 ἀπήνης
2176 3502 2280 3550 275
