2525 3884
303 176 392 240 48
1095 179 1395 230 ΙΛῙΑΔοΣ
1435 178 1499 232 ο.

392 314 482 396 ὧς
527 314 740 405 ἔφατ’,
789 317 944 386 οὐδ’
999 321 1287 404 ἀπίθησε
1329 320 1480 403 θεά,
1527 319 1934 405 λευκώλενος
1961 315 2160 404 ”Hom

304 427 388 509 βῆ
437 419 499 489 δ’
552 424 619 503 ἐξ
659 420 919 492 Ἰδαίων
966 425 1178 511 ὀρέων
1225 426 1293 504 ἐς
1337 426 1592 511 μακρὸν
1618 423 1977 509 Ὄλυμπον.

304 530 394 608 ὡς
439 528 505 596 δ’
558 528 652 598 ὅτ’
706 530 789 597 ἂν
834 531 982 618 ἀίξῃ
1030 535 1192 609 νόος
1236 530 1493 617 ἀνέρος,
1540 532 1614 608 ὅς
1648 528 1706 595 τ’
1761 528 1866 596 ἐπὶ
1911 530 2165 613 πολλὴν
2244 545 2319 596 80

303 632 502 720 γαῖαν
548 636 930 721 ἐληλουθὼς
974 636 1172 725 φρεσὶ
1217 641 1655 723 πευκαλίμῃσι
1700 639 1911 721 νοήσῃ

304 741 496 826 ,,ὲ’νθ’
550 749 694 828 εἴην
738 744 779 828 ’ἢ
827 745 1043 809 ἔνθαζζ
1087 746 1485 830 μενοινήῃσί
1523 766 1593 809 τε
1618 742 1868 825 πολλά,

280 844 394 926 ,ὦς
437 862 769 937 κραιπνῶς
814 862 1098 935 μεμαυῖα
1145 851 1450 916 διέπτατο
1495 852 1733 916 πότνια
1761 847 1957 935 ’Ἡρη

304 955 478 1021 ἵκετο
525 954 589 1022 δ’
642 959 846 1022 αἰπὺν
873 956 1234 1042 Ὄλυμπον,
1282 954 1713 1042 ὁμηγερέεσσι
1759 951 1821 1020 δ’
1876 953 2163 1037 ἐπῆλθεν

305 1061 700 1128 ἀθανάτοισι
744 1069 966 1128 θεοῖσι
1008 1064 1179 1140 Διὸς
1223 1065 1436 1151 δόμῳ·
1483 1063 1554 1127 οί
1594 1059 1668 1139 δὲ
1715 1061 1973 1137 ἰδόντες
2240 1077 2315 1126 85

303 1169 542 1245 πάντες
586 1167 862 1253 ἀνήιξαν
906 1166 1017 1233 καὶ
1062 1169 1502 1234 δεικανόωντο
1542 1166 1885 1233 δέπασσιν.

302 1273 344 1356 ἡ
393 1268 454 1338 δ’
506 1275 748 1351 ἄλλους
793 1270 915 1359 μὲν
962 1276 1133 1358 ἔασε,
1182 1273 1453 1359 Θέμιστι
1499 1269 1574 1338 δὲ
1617 1271 2042 1361 καλλιπαρῄῳ

307 1377 496 1444 δέκτο
535 1379 759 1457 δέπας·
806 1380 1031 1465 πρώτη
1079 1381 1205 1466 γὰρ
1252 1379 1519 1463 ἐναντίη
1566 1374 1736 1463 ἦλθε
1779 1377 2058 1461 θέουσα,
2099 1458 2103 1464 ¹

303 1489 419 1550 καί
457 1509 572 1570 μιν
617 1480 961 1571 φωνήσασ’
1014 1489 1170 1551 ἔπεα
1213 1487 1572 1571 πτερόεντα
1615 1485 1991 1572 προσηύδα·

303 1589 529 1677 ,ξἨρη,
573 1596 755 1658 τίπτε
800 1591 1108 1676 βέβηκας;
1156 1589 1517 1678 ἀτυζομένῃ
1565 1589 1640 1657 δὲ
1686 1595 1927 1669 ἔοικας·
2160 1606 2162 1613 ⁴
2240 1609 2311 1660 90

301 1693 343 1782 ἦ
391 1699 564 1782 μάλα
611 1699 694 1782 δή
740 1695 802 1762 6'
855 1697 1143 1783 ἐφόβησε
1188 1701 1462 1784 Κρόνου
1507 1699 1680 1781 πάις,
1727 1700 1801 1776 ὅς
1833 1721 1947 1764 -τοι
1982 1696 2312 1782 ἀκοίτης.“
2441 1700 2445 1705 ’

389 1804 513 1887 τὴν
560 1798 621 1868 δ’
671 1802 960 1888 ἠμείβετ’
1015 1805 1235 1869 ἔπειτα
1264 1803 1429 1887 θεά,
1476 1804 1881 1882 λευκώλενος
1910 1802 2112 1890 'Hpq’

301 1913 438 1995 ,,μή
483 1933 584 1995 με,
629 1911 759 1975 θεὰ
803 1910 988 1995 Θέμι,
1034 1919 1240 1976 ταῦτα
1289 1912 1561 1995 διείρεο·
1609 1905 1812 1976 οἶσθα
1854 1908 1965 1976 καὶ
2011 1910 2197 1994 αὐτή,

303 2009 443 2094 οἷος
488 2016 746 2083 ἐκείνου
790 2019 1032 2102 θυμός,
1077 2016 1485 2110 ὑπερφίαλος
1528 2014 1638 2082 καὶ
1685 2016 1953 2101 ἀπηνής.

299 2123 466 2189 ἀλλὰ
511 2124 595 2189 σύ
638 2118 701 2208 γ’
752 2124 911 2210 ἄρχε
953 2130 1174 2189 θεοῖσι
1222 2125 1453 2207 δόμοις
1498 2125 1600 2188 ἔνι
1626 2123 1868 2199 ’δαιτὸς
1915 2121 2117 2204 ἐίσης·
2220 2138 2289 2187 95

300 2238 504 2295 ταῦτα
551 2227 626 2295 δὲ
669 2229 780 2296 καὶ
824 2231 983 2315 μετὰ
1026 2239 1229 2296 πᾶσιν
1276 2230 1587 2295 ἀκούσεαι
1632 2225 2091 2310 ἀθανάτοισιν,
2136 2251 2138 2253 ’

302 2328 410 2401 οἶα
455 2338 624 2413 Ζεὺς
666 2337 832 2402 κακά
877 2340 1037 2423 ἔργα
1080 2337 1549 2423 πιφαύσκεται·
1608 2334 1774 2401 οὐδέ
1812 2339 1883 2400 τί
1922 2357 2093 2420 φημι

301 2451 501 2508 πᾶσιν
547 2442 722 2527 ὁμῶς
763 2445 990 2528 θυμὸν
1036 2442 1499 2530 κεχαρησέμεν,
1548 2443 1699 2509 οὔτε
1745 2446 2085 2537 βροτοῖσιν

302 2549 453 2614 οὔτε
497 2555 704 2632 θεοῖς,
751 2554 818 2614 εἴ
854 2547 975 2635 πέρ
1019 2573 1121 2627 τις
1167 2552 1261 2615 ἔτι
1306 2557 1435 2614 νῦν
1483 2549 1789 2614 δαίνυται·
1832 2548 2168 2632 εύφρων.“

385 2654 428 2740 ἡ
464 2651 585 2739 μὲν
631 2651 734 2741 ἄρ’
789 2649 878 2732 ὧς
923 2657 1197 2721 εἰποῦσα
1241 2654 1551 2734 καθέζετο
1598 2657 1833 2720 πότνια
1863 2654 2062 2739 “Hom
2193 2671 2291 2720 100

300 2763 617 2845 ὥχθησαν
665 2759 726 2826 δ’
779 2760 906 2827 ἀνὰ
952 2762 1138 2845 δῶμα
1180 2762 1350 2839 Διὸς
1394 2764 1571 2827 θεοί·
1616 2760 1659 2845 ἡ
1706 2756 1780 2826 δὲ
1824 2759 2144 2844 γέλασσεν

298 2870 602 2952 χείλεσιν,
638 2864 811 2945 ,οὐδὲ
856 2868 1157 2952 μέτωπον
1204 2862 1304 2933 ἐπ’
1356 2868 1603 2955 ὀφρύσι
1645 2866 2007 2953 κυανέῃσιν

299 2974 521 3058 ι’άνθη·
566 2981 768 3039 πᾶσιν
816 2969 890 3039 δὲ
935 2979 1418 3058 νεμεσσηθεῖσα
1463 2974 1784 3058 μετηύδα·

296 3082 588 3164 ,,νήπ“ιοι,
636 3082 708 3145 οἳ
748 3078 917 3163 Ζηνὶ
962 3082 1391 3165 μενεαίνομεν
1436 3076 1895 3167 ἀφρονέοντες.

279 3183 337 3277 ἦ
383 3188 479 3253 ἔτι
523 3210 638 3272 μιν
683 3184 977 3271 μέμαμεν
1021 3186 1525 3274 καταπαυσέμεν
1572 3183 1781 3254 ἆσσον
1830 3190 2042 3264 ἰόντες
2199 3201 2295 3253 105

294 3292 337 3378 ἢ
384 3296 523 3358 ἔπει
566 3290 643 3378 ἠὲ
688 3296 826 3380 βίῃ·
873 3293 910 3359 ὁ
958 3290 1018 3358 δ’
1073 3294 1409 3379 ἀφήμενος
1452 3295 1577 3360 οὐκ
1622 3294 1898 3379 ἀλεγίζει

296 3394 443 3466 οὐδ’
496 3402 755 3466 ὄθεται·
797 3398 1008 3484 φησὶν
1054 3401 1179 3485 γὰρ
1227 3399 1301 3466 ἐν
1348 3400 1745 3466 ἀθανάτοισι
1788 3408 2056 3467 θεοῖσιν

225 3541 237 3562 x
294 3507 527 3592 κάρτεΐ
561 3531 631 3572 τε
677 3505 915 3574 σθένεΐ
948 3530 1019 3574 τε
1067 3508 1416 3594 διακριδὸν
1462 3502 1633 3575 εἶναι
1679 3509 1962 3594 ἄριστος.
