2525 3884
295 223 426 289 234
1097 229 1398 280 ΙΛΙΑΔοΣ
1433 229 1508 283 Ψ.

295 367 406 436 καὶ
450 371 568 435 τὸν
609 366 938 456 Ἀχιλλεὺς
981 378 1192 455 θῆκεν
1236 369 1511 437 ἀέθλιον
1558 364 1642 436 οὗ
1686 367 1976 454 ἑτάροιο,

296 476 370 554 ὃς
412 499 512 553 τις
558 477 999 561 ἐλαφρότατος
1041 475 1241 544 ποσσὶ
1286 487 1663 561 κραιπνοῖσι
1706 475 1996 543 πέλοιτο·

298 580 583 671 δευτέρῳ
631 578 715 648 αὖ
761 586 930 666 βοῦν
974 588 1143 667 θῆκε
1187 582 1395 668 μέγαν
1438 580 1547 648 καὶ
1592 585 1792 649 πίονα
1839 584 2046 672 δημῷ,
2202 598 2315 649 750
2357 607 2380 669 ᾗ.

295 687 736 772 ἡμιτάλαντον
783 685 856 754 δὲ
900 698 1153 776 χρυσοῦ
1199 684 1489 773 λοισθήι’
1541 692 1801 773 ἔθηκεν.

297 804 416 879 στῆ
464 791 528 858 δ’
572 794 780 878 ὀρθὸς
822 792 932 860 καὶ
978 801 1205 879 μῦθον
1251 795 1325 861 ἐν
1364 790 1755 879 Ἀργείοισιν
1800 797 2041 861 ἔειπεν·

299 899 662 985 ,.,ὄρνυσθ’,
711 904 782 965 οἳ
819 899 931 966 καὶ
973 902 1216 967 τούτου
1261 900 1513 968 ἀέθλου
1558 903 2019 987 πειρήσεσθε.“

300 1001 389 1083 ὧς
436 1002 654 1090 ἔφατ’,
705 1008 963 1090 ὤρνυτο
1012 1003 1074 1072 δ’
1126 1005 1336 1073 αὐτίκ’
1383 1005 1632 1091 Ὀιλῆος
1674 1011 1875 1093 ταχὺς
1918 1013 2117 1089 Αἴας,

298 1110 382 1177 ἂν
420 1108 482 1176 δ’
518 1107 825 1190 Ὀδυσεὺς
859 1115 1241 1197 πολύμητις,
1281 1117 1500 1179 ἔπειτα
1538 1111 1612 1180 δὲ
1648 1112 1989 1199 Νέστορος
2022 1113 2168 1190 υίὸς
2206 1128 2318 1178 755
2411 1099 2436 1207 ,-

293 1214 697 1303 Ἀντίλοχος·
744 1218 781 1284 ὁ
826 1221 953 1305 γάρ
991 1214 1146 1285 αὖτε
1190 1217 1387 1298 νέους
1428 1218 1587 1285 ποσὶ
1629 1222 1878 1298 πάντας
1923 1220 2123 1285 ἐνίκα.

298 1327 460 1388 στάν
508 1322 581 1390 δὲ
626 1329 1027 1410 μεταστοιχί·
1075 1328 1327 1410 σήμηνε
1372 1322 1447 1391 δὲ
1491 1323 1749 1410 τέρματ’
1796 1321 2141 1410 Ἀχιλλεύς.

296 1441 471 1495 τοῖσι
515 1425 577 1496 δ’
628 1431 756 1497 ἀπὸ
800 1432 1052 1515 νύσσης
1096 1431 1322 1498 τέτατο
1370 1433 1640 1516 δρόμος·
1686 1427 1824 1498 ὦκα
1871 1428 1931 1497 δ’
1984 1435 2206 1497 ἔπειτα

299 1531 521 1621 ἔκφερ’
568 1532 912 1620 Ὀιλιάδης,
958 1535 1065 1602 ἐπὶ
1112 1533 1173 1602 δ’
1225 1539 1484 1622 ὤρνυτο
1532 1540 1675 1615 δῖος
1713 1536 2065 1616 Ὀδυσσεὺς

299 1643 449 1726 ἄγχι
495 1640 676 1727 μάλ’,
725 1644 812 1720 ὡς
858 1644 964 1708 ὅτε
1007 1646 1107 1720 τίς
1150 1666 1221 1709 τε
1265 1645 1580 1726 γυναικὸς
1627 1645 1937 1722 ἐυζώνοιο
2210 1661 2337 1742 760(

300 1751 580 1832 στήθεός
625 1748 760 1814 ἐστι
805 1750 1057 1832 κανών,
1089 1737 1183 1814 4ὅν
1227 1747 1286 1814 τ’
1340 1745 1416 1815 εὖ
1461 1750 1635 1835 μάλα
1678 1749 1863 1835 χερσὶ
1908 1751 2203 1837 τανύσσῃ

298 1857 539 1939 πηνίον
585 1853 934 1933 ἐξέλκουσα
970 1851 1176 1939 παρὲκ
1221 1859 1435 1940 μίτον,
1481 1838 1734 1941 ἀγχόθιΙ
1771 1853 1848 1922 δ”
1880 1862 2047 1940 ἴσχει

301 1964 605 2046 στήθεος·
653 1955 741 2038 ὥς
779 1955 1088 2039 Ὀδυσεὺς
1130 1961 1293 2027 θέεν
1339 1963 1656 2046 ἐγγύθεν,
1704 1962 1911 2047 αὐτὰρ
1957 1964 2246 2029 ὄπισθεν
2305 2038 2322 2047 ‚

302 2073 477 2153 ἴχνια
520 2067 718 2135 τύπτε
762 2069 1039 2133 πόδεσσι
1082 2067 1292 2155 πάρος
1335 2071 1524 2134 κόνιν
1571 2069 2057 2154 ἀμφιχυθῆναι·

302 2176 426 2240 κὰδ
464 2169 526 2238 δ’
568 2175 696 2258 ἄρα
735 2175 804 2239 οὗ
834 2179 1123 2259 κεφαλῆς
1158 2170 1250 2258 χέ’
1294 2173 1583 2258 ἀυτμένα
1621 2175 1763 2252 δῖος
1791 2173 2165 2251 Ὀδυσσεὺς
2211 2189 2317 2239 765

305 2278 432 2345 αἰεὶ
478 2278 689 2365 ῥίμφα
733 2277 946 2346 θέων·
993 2287 1181 2364 ἴαχον
1229 2274 1290 2346 δ’
1342 2278 1446 2345 ἐπὶ
1491 2280 1728 2358 πάντες
1766 2277 2010 2366 Ἀχαιοὶ
2121 2268 2151 2308 ⁸

303 2388 488 2469 νίκης
534 2384 791 2473 ἱεμένῳ,
838 2387 1009 2471 μάλα
1056 2382 1130 2453 δὲ
1175 2388 1531 2452 σπεύδοντι
1573 2385 1861 2453 κέλευον.

301 2487 443 2558 ἀλλ’
495 2492 601 2558 ὅτε
648 2492 731 2574 δὴ
776 2494 1075 2575 πύματον
1119 2490 1345 2559 τέλεον
1384 2494 1655 2580 δρόμον,
1701 2488 1916 2559 αὐτίκ’
1964 2488 2319 2569 Ὀδυσσεὺς

303 2592 510 2683 εὔχετ’
555 2595 877 2682 Ἀθηναίῃ
923 2599 1333 2680 γλαυκώπιδι
1379 2599 1460 2665 ὃν
1503 2600 1666 2664 κατὰ
1707 2602 1959 2684 θυμόν·

302 2709 570 2788 ,,κλῦθι,
616 2704 765 2782 θεά,
813 2702 1033 2788 ἀγαθή
1079 2728 1192 2787 μοι
1238 2704 1598 2790 ἐπίρροθος
1633 2702 1788 2771 ἐλθὲ
1822 2706 2155 2772 ποδοῖιν.“
2211 2722 2314 2772 770

303 2805 391 2887 ὧς
438 2804 623 2894 ἔφατ’
675 2809 1049 2893 εὐχόμενος,
1095 2818 1216 2874 τοῦ
1262 2805 1326 2874 δ’
1378 2814 1567 2876 ἔκλυε
1613 2814 1881 2889 Παλλὰς
1918 2807 2200 2896 Ἀθήνη,

306 2919 488 2999 [γυῖα
535 2912 595 2981 δ’
652 2918 895 2998 ἔθηκεν
941 2914 1214 2999 ἐλαφρά,
1261 2918 1473 2992 πόδας
1507 2915 1619 2981 καὶ
1661 2927 1881 3001 χεῖρας
1923 2916 2267 3003 ὕπερθεν.]

304 3017 445 3088 ἀλλ’
497 3022 605 3088 ὄτε
651 3022 732 3105 δὴ
779 3016 918 3105 τάχ’
971 3023 1244 3105 ἔμελλον
1290 3020 1684 3103 ἐπαΐξασθαι
1729 3024 2006 3105 ἄεθλον,

237 3179 241 3186 -
304 3123 452 3195 ἔνθ’
503 3134 672 3205 Αἴας
716 3124 837 3212 μὲν
884 3129 1116 3193 ὄλισθε
1161 3127 1374 3211 θέων,
1421 3129 1672 3213 βλάψεν
1716 3130 1840 3211 γὰρ
1882 3124 2163 3213 Ἀθήνη,

304 3243 381 3317 τῆ
427 3233 512 3318 ῥα
558 3237 736 3316 βοῶν
790 3230 1004 3317 κέχυτ’
1057 3235 1266 3310 ὄνθος
1311 3233 1778 3319 ἀποκταμένων
1816 3235 2168 3319 ἐριμύκων,
2215 3250 2318 3301 775

306 3340 421 3417 οὓς
466 3338 571 3406 ἐπὶ
618 3342 983 3426 Πατρόκλῳ
1029 3338 1286 3423 πέφνεν
1330 3342 1539 3418 πόδας
1584 3341 1756 3418 ὠκὺς
1785 3338 2143 3426 Ἀχιλλεύς·

306 3448 379 3513 ἐν
427 3443 488 3511 δ’
540 3447 756 3512 ὄνθου
803 3444 1004 3527 βοέου
1049 3450 1254 3528 πλῆτο
1305 3447 1512 3530 στόμα
1556 3469 1627 3511 τε
1672 3445 1860 3530 ῥῖνάς
1903 3470 1990 3512 τε.

303 3548 571 3638 κρητῆρ’
626 3545 772 3617 αὖτ’
825 3549 1094 3636 ἀνάειρε
1139 3551 1468 3627 πολύτλας
1516 3552 1657 3628 δῖος
1698 3548 2078 3637 Ὀδυσσεύς,
