2525 3884
346 187 472 252 138
1145 186 1446 238 ιΛῑΑΔοΣ
1483 185 1548 239 Σ.
1653 233 1657 237 .

344 327 454 397 καὶ
499 332 750 417 χρυσὸν
795 338 1072 416 τιμῆντα
1116 325 1226 394 καὶ
1274 329 1598 413 ἄργυρον·
1645 326 1853 412 αὐτὰρ
1900 330 2118 392 ἔπειτα
2266 340 2389 389 475
2473 386 2474 393 ,

344 443 556 519 θῆκεν
603 436 676 503 ἐν
721 434 1066 524 ἀκμοθέτῳ
1114 433 1322 521 μέγαν
1367 435 1652 518 ἄκμονα,
1697 431 1894 516 γέντο
1940 430 2013 497 δὲ
2058 427 2230 517 χειρὶ

347 541 668 628 ῥαιστῆρα
711 544 1066 629 κρατερήν,
1115 540 1385 626 ἑτέρηφι
1431 539 1505 605 δὲ
1548 537 1743 623 γέντο
1790 540 2157 625 πυράγρην.

434 651 609 715 ποίει
655 645 729 715 δὲ
774 651 1106 735 πρώτιστα
1153 647 1353 723 σάκος
1398 645 1564 732 μέγα
1608 668 1680 712 τε
1726 647 2043 732 στιβαρόν
2088 668 2157 711 τε

345 754 631 821 πάντοσε
678 754 1086 837 δαιδάλλων,
1132 750 1286 838 περὶ
1332 748 1393 818 δ’
1437 752 1689 834 ἄντυγα
1736 752 1936 835 βάλλε
1980 752 2274 835 φαεινὴν
2373 816 2378 821 .

346 862 668 945 τρίπλακα
714 857 1129 944 μαρμαρέην,
1178 857 1249 923 ἐκ
1297 852 1358 922 δ’
1402 850 1732 944 ἀργύρεον
1777 859 2139 939 τελαμῶνα.
2260 871 2385 921 480
2447 850 2452 853 ’

347 964 542 1032 πέντε
580 963 642 1030 δ’
677 960 783 1051 ἄρ’
817 965 1024 1031 αὐτοῦ
1060 965 1222 1029 ἔσαν
1260 963 1493 1040 σάκεος
1528 964 1788 1048 πτύχες·
1836 962 2045 1049 αὐτὰρ
2083 961 2157 1029 ἐν
2186 961 2385 1049 αὐτῷ
2477 980 2478 1005 ³

347 1074 522 1138 ποίει
570 1072 852 1137 δαίδαλα
896 1071 1109 1138 πολλὰ
1154 1070 1407 1155 ἰδυίῃσι
1450 1071 1909 1155 πραπίδεσσιν.

438 1176 512 1242 ἐν
549 1174 671 1262 μὲν
705 1186 905 1261 γαῖαν
939 1170 1167 1259 ἔτευξ’,
1215 1175 1290 1241 ἐν
1319 1173 1379 1242 δ’
1418 1176 1740 1261 οὐρανόν,
1778 1175 1853 1242 ἐν
1882 1172 1956 1241 δὲ
1979 1175 2381 1256 θάλασσαν,

349 1279 576 1365 ἠέλιόν
619 1278 678 1345 τ’
723 1281 1060 1367 ἀκάμαντα
1108 1283 1397 1365 σελήνην
1440 1302 1510 1345 τε
1552 1284 1981 1365 πλήθουσαν,

353 1387 430 1453 ἐν
490 1383 565 1453 δὲ
617 1388 699 1453 τὰ
751 1391 969 1473 τείρεα
1021 1387 1264 1471 πάντα,
1320 1387 1401 1451 τά
1451 1380 1512 1451 τ’
1553 1386 1840 1472 οὐρανὸς
1894 1387 2378 1471 ἐστεφάνωται,
2479 1380 2480 1395 ’

352 1492 697 1576 Πληιάδας
740 1490 814 1556 θ’
848 1489 1083 1570 Ὑάδας
1126 1515 1197 1557 τε
1241 1494 1318 1557 τό
1359 1513 1433 1557 τε
1479 1489 1724 1568 σθένος
1762 1486 2078 1578 Ὠρίωνος
2265 1509 2380 1559 486

352 1600 595 1684 ἄρκτον
639 1595 741 1680 θ’,
787 1597 873 1681 ἣν
917 1595 1027 1663 καὶ
1074 1596 1330 1682 ἅμαξαν
1375 1596 1716 1679 ἐπίκλησιν
1760 1596 2140 1683 καλέουσιν,
2481 1614 2482 1665 1

352 1705 394 1788 ῆ
438 1701 499 1768 τ’
543 1703 753 1770 αὐτοῦ
799 1701 1148 1788 στρέφεται
1192 1705 1310 1769 καί
1346 1697 1404 1767 τ’
1447 1699 1731 1789 Ὠρίωνα
1778 1705 2066 1788 δοκεύει,

356 1815 461 1895 οἴη
509 1807 571 1876 δ’
614 1810 908 1894 ἄμμορός
955 1808 1091 1874 ἐστι
1136 1813 1427 1893 λοετρῶν
1465 1805 1821 1875 Ὠκεανοῖο.

445 1915 519 1982 ἐν
566 1911 640 1982 δὲ
686 1915 825 1980 δύω
870 1916 1105 1997 ποίησε
1147 1917 1373 1991 πόλεις
1418 1917 1728 2000 μερόπων
1773 1915 2152 2002 ἀνθρώπων
2266 1934 2377 1983 490
2483 1964 2484 1989 ,

354 2023 573 2100 καλάς.
665 2021 738 2087 ἐν
782 2028 862 2105 τῇ
907 2019 1030 2104 μέν
1075 2018 1160 2106 ῥα
1204 2021 1405 2106 γάμοι
1449 2015 1508 2085 τ’
1551 2024 1711 2087 ἔσαν
1759 2023 2086 2087 εἰλαπίναι
2130 2044 2229 2105 τε,

356 2132 626 2216 νύμφας
671 2125 733 2194 δ’
779 2128 850 2194 ἐκ
892 2128 1219 2212 θαλάμων
1266 2128 1520 2193 δαΐδων
1565 2127 1696 2192 ὕπο
1741 2128 2221 2214 λαμπομενάων

357 2236 625 2320 ἠγίνεον
671 2234 798 2300 ἀνὰ
842 2235 1038 2317 ἄστυ,
1083 2235 1292 2310 πολὺς
1340 2228 1402 2298 δ’
1443 2231 1757 2318 ὑμέναιος
1802 2234 2109 2320 ὀρώρειν,

357 2350 592 2424 κοῦροι
637 2334 699 2404 δ’
744 2340 1141 2426 ὀρχηστῆρες
1186 2339 1474 2423 ἐδίνεον,
1523 2340 1596 2405 ἐν
1643 2334 1707 2405 δ’
1749 2341 1878 2425 ἄρα
1919 2351 2135 2405 τοῖσιν

360 2443 554 2512 αὐλοὶ
600 2444 961 2530 φόρμιγγές
1003 2468 1074 2511 τε
1118 2446 1288 2529 βοὴν
1334 2447 1513 2530 ἔχον·
1560 2445 1635 2510 αἱ
1674 2441 1750 2511 δὲ
1792 2457 2099 2529 γυναῖκες
2269 2463 2375 2514 495

362 2552 702 2637 ἱστάμεναι
744 2552 1090 2635 θαύμαζον
1137 2549 1242 2616 ἐπὶ
1287 2550 1735 2636 προθύροισιν
1782 2550 2035 2635 ἑκάστη.

361 2656 509 2725 λαοὶ
555 2650 617 2723 δ’
661 2657 761 2721 εἰν
806 2655 1014 2739 ἀγορῇ
1060 2658 1220 2721 ἔσαν
1265 2655 1538 2741 ἁθρόοι·
1584 2660 1756 2722 ἔνθα
1800 2653 1876 2723 δὲ
1918 2668 2135 2735 νεῖκος

363 2766 647 2849 ὠρώρει,
697 2762 820 2827 δύο
860 2755 922 2825 δ’
964 2762 1202 2847 ἄνδρες
1248 2762 1538 2828 ἐνείκεον
1584 2763 1808 2828 εἵνεκα
1846 2772 2080 2846 ποινῆς

362 2871 606 2956 ἀνδρὸς
652 2866 1135 2951 ἀποκταμένου·
1181 2867 1217 2933 ὁ
1265 2863 1387 2952 μὲν
1434 2868 1657 2953 εὔχετο
1703 2866 1893 2934 πάντ’
1939 2869 2334 2954 ἀποδοῦναι,

364 2979 549 3064 δήμῳ
594 2975 1023 3059 πιφαύσκων,
1071 2974 1107 3039 ὁ
1154 2967 1217 3038 δ’
1262 2973 1568 3039 ἀναίνετο
1614 2972 1826 3059 μηδὲν
1873 2972 2166 3040 ἑλέσθαι·
2268 2992 2373 3044 500

364 3083 561 3165 ἄμφω
610 3076 671 3147 δ’
715 3079 952 3163 ἱέσθην
999 3077 1104 3145 ἐπὶ
1152 3085 1366 3165 ἴστορι
1409 3089 1644 3166 πεῖραρ
1692 3079 1981 3146 ἑλέσθαι.

364 3184 513 3253 λαοὶ
560 3184 620 3254 δ’
665 3185 1143 3271 ἀμφοτέροισιν
1178 3178 1514 3270 ἐπήπυον,
1562 3183 1768 3270 ἀμφὶς
1813 3186 2091 3271 ἀρωγοί·

363 3295 641 3380 κήρυκες
688 3289 748 3358 δ’
793 3293 922 3375 ἄρα
967 3293 1131 3358 λαὸν
1176 3292 1482 3377 ἐρήτυον·
1530 3291 1602 3356 οἱ
1641 3289 1715 3357 δὲ
1755 3289 2060 3378 γέροντες

365 3398 524 3467 εἵατ’
571 3395 677 3465 ἐπὶ
723 3398 1006 3478 ξεστοῖσι
1050 3400 1272 3475 λίθοις
1319 3398 1472 3485 ἱερῷ
1520 3394 1620 3463 ἐνὶ
1663 3398 1911 3486 κύκλῳ,

367 3514 660 3593 σκῆπτρα
708 3502 782 3572 δὲ
825 3505 1134 3591 κηρύκων
1180 3502 1253 3570 ἐν
1299 3497 1477 3591 χέρσ’
1522 3506 1674 3588 ἔχον
1722 3503 2157 3589 ἠεροφώνων·
2274 3520 2367 3571 505
