2525 3884
952 149 1254 202 ΙΜΑΔΟΣ
1291 151 1435 203 m.
2077 148 2202 213 191

195 292 464 376 αἱρήσει
509 314 589 376 με
632 288 742 357 καὶ
788 287 879 369 ὥς
920 289 1032 357 καὶ
1076 291 1398 358 ἀνάλκιδα
1445 292 1913 378 δειροτομήσει.
2107 307 2211 357 555

193 399 264 464 εί
311 391 373 462 δ’
415 395 500 461 ἂν
546 396 672 481 ἐγὼ
717 398 996 474 τούτους
1038 394 1162 483 μὲν
1207 395 1734 464 ὑποκλονέεσθαι
1777 399 1947 464 ἐάσω

189 504 496 588 Πηλεΐδῃ
550 500 826 587 Ἀχιλῆι,
869 499 1070 568 ποσὶν
1118 496 1180 567 δ’
1223 501 1351 568 ἀπὸ
1397 505 1644 588 τείχεος
1687 505 1851 590 ἄλλῃ

187 610 422 694 φεύγω
464 609 630 693 πρὸς
673 609 906 674 πεδίον
957 603 1228 692 Ἰλήιον,
1278 606 1437 694 ὄφρ’
1480 607 1565 675 ἂν
1609 608 1850 693 ἵκωμαι

183 716 374 798 Ἴδης
416 736 488 779 τε
529 715 825 797 κνημοὺς
867 715 1032 780 κατά
1075 737 1148 780 τε
1192 714 1452 800 ῥωπήια
1499 715 1668 780 δύω·

190 819 497 907 ἑσπέριος
541 816 602 885 δ’
648 818 731 885 ἂν
777 823 997 885 ἔπειτα
1042 821 1485 907 λοεσσάμενος
1527 831 1849 907 ποταμοῖο
2109 837 2212 888 560

190 928 360 1013 ἱδρῶ
405 923 820 1011 ἀποψυχθεὶς
861 923 1056 1012 προτὶ
1082 925 1295 993 Ἴλιον
1339 928 1769 1013 ἀπονεοίμην.

189 1033 360 1100 ἀλλὰ
403 1035 479 1098 τί
511 1028 554 1116 ἦ
601 1055 715 1117 μοι
758 1040 962 1098 ταῦτα
1009 1035 1203 1117 φίλος
1249 1032 1579 1114 διελέξατο
1624 1037 1871 1119 θυμός;

187 1142 282 1225 μή
328 1133 398 1224 μ’
442 1137 922 1224 ἀπαειρόμενον
965 1139 1195 1217 πόλιος
1238 1141 1547 1207 πεδίονδε
1591 1143 1803 1227 νοήσῃ

187 1248 311 1311 καί
349 1269 431 1329 με
475 1243 779 1329 μεταΐξας
822 1244 1050 1330 μάρψῃ
1094 1243 1395 1330 ταχέεσσι
1439 1247 1788 1313 πόδεσσιν·

192 1345 417 1418 οὐκέτ’
458 1347 656 1416 ἔπειτ’
699 1353 884 1416 ἔσται
925 1352 1229 1417 θάνατον
1264 1349 1378 1417 καὶ
1420 1360 1625 1437 κῆρας
1672 1350 1931 1431 ἀλύξαι·
2110 1366 2213 1418 566

190 1461 352 1541 λίην
397 1458 521 1543 γὰρ
566 1458 880 1544 κρατερὸς
922 1455 1074 1543 περὶ
1117 1458 1386 1523 πάντων
1434 1454 1564 1523 ἔστ’
1610 1457 2007 1544 ἀνθρώπων.

192 1565 259 1630 εί
303 1559 386 1628 δέ
423 1562 539 1629 κέν
585 1564 656 1628 οί
694 1563 1113 1650 προπάροιθε
1157 1565 1389 1642 πόλιος
1432 1566 1861 1630 κατεναντίον
1908 1566 2115 1629 ἔλθω·

193 1666 309 1735 καὶ
355 1669 481 1754 γάρ
525 1675 666 1753 θην
710 1669 923 1757 τούτῳ
968 1669 1217 1756 τρωτὸς
1259 1670 1434 1756 χρὼς
1478 1668 1612 1749 ὀξέι
1656 1676 1904 1759 χαλκῷ,

193 1776 269 1841 ἐν
319 1771 394 1841 δὲ
440 1781 509 1840 ἴα
551 1776 729 1859 ψυχή
742 1823 760 1857 ,
806 1776 1065 1859 θνητὸν
1112 1773 1192 1841 δέ
1231 1774 1273 1840 ἕ
1310 1774 1467 1860 φασ’
1514 1777 1864 1862 ἅνθρωποι

197 1885 529 1967 [ἔμμεναν
575 1881 781 1969 αὐτάρ
829 1881 901 1947 ol
938 1881 1279 1968 Κρονίδης
1317 1884 1484 1960 Ζεὺς
1518 1883 1721 1959 κῦδος
1759 1882 2072 1963 ὀπάζει.“]
2111 1897 2213 1947 570

288 1982 379 2065 ὧς
423 1987 627 2052 εἰπὼν
665 1983 931 2071 Ἀχιλῆα
976 1985 1153 2065 ἀλεὶς
1196 1985 1424 2071 μένεν,
1472 1986 1546 2054 ἐν
1594 1985 1673 2053 δέ
1714 1988 1784 2053 οί
1821 1982 1983 2073 ἦτορ

197 2094 478 2177 ἄλκιμον
525 2093 786 2176 ὡρμᾶτο
832 2095 1239 2177 πτολεμίζειν
1284 2090 1404 2176 ἠδὲ
1445 2092 1789 2178 μάχεσθαι.

195 2199 354 2282 ἠύτε
398 2198 722 2284 πάρδαλις
766 2192 895 2264 εἶσι
939 2200 1217 2283 βαθείης
1263 2198 1335 2263 ἐκ
1382 2196 1685 2283 ξυλόχοιο
1729 2287 1738 2293 .

198 2304 444 2390 ἀνδρὸς
485 2310 868 2392 θηρητῆρος
913 2304 1252 2387 ἐναντίον,
1302 2303 1466 2370 οὐδέ
1504 2327 1570 2369 τι
1612 2310 1810 2392 θυμῷ

197 2412 434 2496 ταρβεῖ
472 2405 633 2475 οὐδὲ
677 2413 1015 2494 φοβεῖται,
1062 2408 1208 2475 ἐπεί
1244 2405 1362 2475 κεν
1406 2409 1707 2494 ὑλαγμὸν
1744 2409 2023 2496 ἀκούσῃ·
2114 2424 2216 2476 576

201 2522 269 2582 εἴ
303 2536 427 2601 περ
473 2517 600 2603 γὰρ
648 2516 992 2601 φθάμενός
1036 2541 1154 2601 μιν
1197 2515 1239 2601 ἢ
1287 2516 1536 2603 οὐτάσῃ
1582 2512 1657 2599 ἠὲ
1693 2516 2006 2603 βάλῃσιν,

199 2621 370 2687 ἀλλά
412 2644 484 2687 τε
527 2619 637 2687 καὶ
680 2620 831 2710 περὶ
877 2620 1070 2709 δουρὶ
1114 2621 1493 2709 πεπαρμένη
1544 2622 1666 2688 οὐκ
1711 2621 2026 2707 ἀπολήγει

200 2727 433 2811 ἀλκῆς,
478 2730 638 2815 πρίν
682 2724 745 2812 γ’
796 2724 874 2811 ἠὲ
919 2726 1369 2812 ξυμβλήμεναι
1412 2724 1489 2811 ἠὲ
1535 2730 1850 2812 δαμῆναι·

199 2829 289 2911 ὧς
342 2827 736 2919 Ἀντήνορος
779 2833 926 2910 υίὸς
970 2833 1255 2917 ἀγαυοῦ,
1306 2835 1448 2911 δῖος
1499 2830 1829 2918 Ἀγήνωρ,
2016 2884 2020 2889 .

207 2940 334 3006 οὐκ
380 2942 614 3006 ἔθελεν
660 2940 967 3024 φεύγειν,
1012 2937 1171 3027 πρὶν
1214 2935 1579 3027 πειρήσαιτ’
1639 2933 1960 3024 Ἀχιλῆος,
2114 2956 2217 3007 580

201 3040 348 3110 ἀλλ’
387 3045 424 3111 ὅ
460 3042 528 3128 γ’
564 3043 668 3132 ἄρ’
706 3045 951 3110 ἀσπίδα
989 3041 1110 3128 μὲν
1145 3042 1391 3132 πρόσθ’
1427 3047 1650 3130 ἔσχετο
1692 3041 1964 3110 πάντοσ’
2001 3044 2217 3130 ἐίσην,

202 3151 419 3237 ἐγχείῃ
468 3147 530 3216 δ’
574 3151 802 3217 αὐτοῖο
848 3151 1215 3232 τιτύσκετο,
1260 3147 1371 3215 καὶ
1415 3147 1559 3234 μέγ’
1603 3149 1811 3216 ἀύτει·

201 3253 287 3341 ,,ἦ
336 3259 421 3341 δή
476 3278 607 3323 που
665 3252 819 3342 μάλ’
861 3259 1100 3333 ἔολπας
1146 3253 1247 3322 ἐνὶ
1294 3258 1524 3342 φρεσί,
1570 3253 1835 3341 φαίδιμ’
1894 3252 2216 3341 Ἀχιλλεῦ,

201 3365 401 3449 ἤματι
444 3364 616 3450 τῷδε
660 3365 858 3428 πόλιν
902 3359 1172 3447 πέρσειν
1221 3362 1478 3446 Τρώων
1519 3360 1899 3448 ἀγερώχων,

201 3466 494 3554 νηπύτι’,
539 3462 583 3551 ἦ
629 3465 686 3532 τ’
724 3471 820 3532 ἔτι
863 3468 1076 3532 πολλὰ
1121 3465 1485 3544 τετεύξεται
1529 3460 1706 3548 ἄλγε’
1749 3461 1847 3528 ἐπ’
1892 3463 2078 3544 αὐτῇ.
2115 3478 2218 3527 585
