2525 3884
260 195 390 260 228
1066 198 1368 250 ΙΛΙΑΔοΣ
1402 197 1478 250 Ψ.

256 338 789 424 ἀμφιδεδίνηται·
834 336 1076 416 πολέος
1123 338 1202 405 δέ
1243 339 1316 403 οί
1354 337 1534 417 ἄξιος
1579 340 1826 405 ἔσται.“

346 440 388 528 ἦ
436 443 520 525 ῥα
563 440 674 509 καὶ
719 442 1172 529 Αὐτομέδοντι
1218 448 1392 531 φίλῳ
1438 442 1781 510 ἐκέλευσεν
1825 442 2063 532 ἑταίρῳ

257 548 592 634 οἰσέμεναι
635 553 1009 633 κλισίηθεν·
1057 550 1094 616 6
1142 546 1205 615 δ’
1248 549 1451 638 ᾤχετο
1497 552 1615 615 καί
1654 550 1726 615 οί
1765 552 2029 617 ἔνεικεν.

258 654 575 742 [Εὐμήλῳ
623 651 683 720 δ’
727 655 804 722 έν
847 652 1033 741 χερσὶ
1077 659 1280 721 τίθει·
1329 655 1364 721 6
1413 650 1486 721 δὲ
1533 653 1763 733 δέξατο
1809 657 2102 742 χαίρων.]
2162 671 2273 722 565

343 770 517 826 τοῖσι
563 755 637 827 δὲ
680 757 792 826 καὶ
836 759 1182 839 Μενέλαος
1225 761 1535 828 ἀνίστατο
1581 762 1810 845 θυμὸν
1854 760 2140 846 ἀχεύων,

264 861 615 955 Ἀντιλόχῳ
665 868 913 951 ἄμοτον
956 866 1430 952 κεχολωμένος·
1477 867 1551 934 ἐν
1598 863 1661 932 δ’
1704 868 1832 954 ἄρα
1875 866 2080 954 κῆρυξ

255 970 442 1058 χερσὶ
486 967 819 1058 σκῆπτρον
865 975 1094 1057 ἔθηκε,
1142 976 1478 1058 σιωπῆσαί
1513 996 1586 1039 τε
1628 971 1940 1040 κέλευσεν

264 1074 622 1162 Ἀργείους·
669 1078 706 1144 6
745 1073 808 1144 δ’
852 1081 1066 1144 ἔπειτα
1112 1080 1405 1163 μετηύδα
1453 1079 1721 1157 ἰσόθεος
1764 1080 1935 1163 φώς·

255 1178 654 1270 ,,Ἀντίλοχε,
700 1186 1004 1270 πρόσθεν
1042 1182 1449 1269 πεπνυμένε,
1495 1194 1726 1251 ποῖον’
1737 1184 1976 1269 ἔρεξας.
2160 1200 2270 1249 570

254 1287 551 1375 ᾔσχυνας
594 1287 718 1375 μὲν
761 1289 927 1375 ἐμὴν
970 1291 1237 1376 ἀρετήν,
1284 1291 1540 1374 βλάψας
1585 1289 1666 1358 δέ
1704 1313 1820 1375 μοι
1863 1291 2133 1371 ἵππους,

257 1397 415 1473 τοὺς
459 1397 621 1474 σοὺς
663 1398 920 1482 πρόσθε
964 1397 1218 1479 βαλών,
1266 1397 1339 1461 οἵ
1375 1419 1479 1463 τοι
1522 1399 1695 1462 πολὺ
1739 1400 2034 1483 χείρονες
2075 1389 2270 1478 ἦσαν.

257 1496 402 1566 ἀλλ’
445 1498 648 1585 ἄγετ’,
688 1496 1004 1587 Ἀργείων
1046 1501 1364 1586 ἡγήτορες
1406 1497 1526 1585 ἠδὲ
1570 1499 1912 1587 μέδοντες,

257 1605 325 1684 ἐς
367 1605 573 1692 μέσον
617 1605 1052 1693 ἀμφοτέροισι
1096 1608 1476 1690 δικάσσατε,
1523 1605 1678 1692 μηδ’
1722 1604 1823 1675 ἐπ’
1865 1607 2118 1722 ἀρωγῇ,

257 1714 347 1796 μή
391 1711 555 1779 ποτέ
590 1736 690 1790 τις
734 1718 998 1798 εἴπῃσιν
1039 1708 1318 1797 Ἀχαιῶν
1363 1714 1894 1798 χαλκοχιτωνων·
2163 1729 2271 1778 575

260 1813 670 1904 Ἀντίλοχον
713 1819 1033 1898 ψεύδεσσι
1077 1818 1478 1904 βιησάμενος
1520 1819 1867 1897 Μενέλαος

260 1928 508 2009 οἴχεται
553 1925 755 1992 ἵππον
801 1927 1013 2009 αγων,
1062 1925 1165 1990 ὅτι
1209 1925 1282 1990 οἷ
1320 1928 1493 1991 πολὺ
1536 1928 1831 2012 χείρονες
1872 1921 2043 2009 ἦσαν

257 2030 475 2114 ἵπποι,
521 2031 718 2109 αὐτὸς
762 2026 837 2097 δὲ
880 2032 1205 2117 κρείσσων
1251 2030 1448 2115 ἀρετῇ
1493 2053 1563 2097 τε
1608 2033 1719 2117 βίη
1764 2031 1873 2097 τε.’

258 2137 323 2201 εί
365 2130 427 2202 δ’
469 2134 573 2220 ἄγ’
617 2137 790 2221 ἐγὼν
835 2137 1032 2215 αὐτὸς
1077 2136 1357 2218 δικάσω,
1401 2139 1520 2202 καί
1555 2134 1624 2222 μ’
1669 2136 1753 2202 οὔ
1794 2137 1946 2202 τινά
1981 2158 2153 2221 φημι

261 2242 466 2307 ἄλλον
511 2242 890 2328 ἐπιπλήξειν
933 2248 1255 2309 Δαναῶν·
1305 2244 1485 2309 ὐθεῑα
1526 2244 1654 2329 γὰρ
1701 2245 1899 2309 ἔσται.
2167 2257 2272 2307 580
2409 2337 2418 2342 ὴ

265 2341 611 2433 Ἀντίλοχ’,
659 2351 722 2416 εί
763 2344 825 2414 δ’
868 2349 986 2432 ἄγε
1032 2351 1262 2436 δεῦρο,
1317 2346 1685 2435 διοτρεφές,
1729 2348 1772 2431 ἢ
1816 2346 2013 2431 θέμις
2056 2346 2270 2430 ἐστίν,

259 2453 418 2529 στάς
462 2452 682 2518 ἵππων
725 2454 1142 2540 προπάροιθε
1176 2452 1290 2519 καὶ
1324 2455 1642 2541 ἅρματος,
1688 2453 1896 2539 αὐτὰρ
1934 2453 2274 2537 ἱμάσθλην

259 2554 486 2643 χερσὶν
532 2561 699 2643 ἔχων
744 2557 1055 2645 ῥαδινήν,
1101 2550 1144 2645 ᾖ
1188 2581 1314 2645 περ
1358 2562 1434 2625 τὸ
1479 2561 1779 2646 πρόσθεν
1825 2562 2127 2640 ἔλαυνες,

260 2665 478 2729 ἵππων
526 2663 862 2748 ἁψάμενος
905 2667 1225 2750 γαιήοχον
1269 2665 1693 2748 ἐννοσίγαιον

262 2769 514 2853 ὄμνυθι
550 2768 638 2853 μὴ
676 2764 799 2853 μὲν
835 2766 1002 2834 ἑκὼν
1043 2772 1118 2835 τὸ
1155 2770 1318 2856 ἐμὸν
1354 2772 1528 2858 δόλῳ
1566 2770 1741 2856 ἅρμα
1776 2771 2120 2855 πεδῆσαι.“
2167 2785 2272 2836 585

347 2874 467 2941 τὸν
513 2871 573 2939 δ’
617 2868 762 2940 αὖτ’
809 2868 1179 2960 Ἀντίλοχος
1223 2875 1639 2962 πεπνυμένος
1683 2875 1915 2942 ἀντίον
1958 2874 2161 2958 ηὔδα·

261 2980 547 3065 »ἄνσχεο
593 2989 748 3046 νῦν·
793 2982 1044 3047 πολλὸν
1087 2984 1213 3066 γὰρ
1259 2982 1389 3066 ἐγώ
1433 3006 1511 3068 γε
1554 2983 1875 3069 νεώτερός
1918 2981 2053 3067 εἰμι

265 3096 440 3169 σεῖο,
488 3085 650 3165 ἄναξ
694 3085 1028 3171 Μενέλαε,
1076 3091 1162 3154 σὺ
1208 3086 1283 3153 δὲ
1327 3091 1645 3175 πρότερος
1687 3085 1798 3153 καὶ
1843 3087 2104 3174 ἀρείων.

264 3188 472 3276 οἷσθ’,
519 3186 655 3258 οἷαι
699 3191 859 3258 νέου
903 3194 1148 3278 ἀνδρὸς
1191 3193 1586 3279 ὑπερβασίαι
1629 3191 2052 3261 τελέθουσιν·

262 3301 736 3385 κραιπνότερος
781 3295 903 3382 μὲν
946 3300 1073 3383 γάρ
1119 3322 1189 3365 τε
1224 3301 1413 3381 νόος,
1458 3300 1657 3382 λεπτὴ
1694 3297 1775 3365 δέ
1812 3321 1884 3363 τε
1917 3307 2132 3383 μῆτις·
2170 3314 2290 3365 590-

266 3411 353 3490 τῷ
399 3426 504 3469 τοι
550 3402 868 3485 ἐπιτλήτω
913 3404 1178 3487 κραδίη·
1225 3404 1429 3470 ἵππον
1477 3404 1553 3470 δέ
1593 3427 1697 3470 τοι
1742 3403 1940 3481 αὐτὸς

266 3509 490 3592 δώσω,
535 3510 658 3593 τὴν
695 3506 977 3593 ἀρόμην·
1021 3510 1086 3573 εί
1124 3512 1242 3574 καί
1280 3511 1367 3575 νύ
1410 3533 1525 3575 κεν
1572 3514 1844 3575 οἴκοθεν
1888 3511 2051 3576 ἄλλο
