2525 3884
1003 177 1306 229 ΙΛΙΑΔΟΣ
1340 178 1483 230 m
1793 163 1808 169 ’
2119 175 2248 239 177

229 321 359 384 καί
398 319 466 384 οἰ
512 319 946 404 ἐπευχόμενος
990 320 1145 385 ἔπεα
1188 315 1524 404 πτερόεντ’
1567 318 1913 404 ἀγόρευεν·
2147 335 2245 382 121

226 426 613 509 ,,ένταυθοῖ
652 434 781 491 νῦν
825 435 1005 491 κεῖσο
1051 421 1188 509 μετ’
1234 426 1537 509 ἰχθύσιν,
1582 425 1654 490 οἵ
1693 421 1754 490 σ’
1799 424 2075 508 ὠτειλὴν

227 524 378 616 αἷμ’
422 531 982 616 ἀπολιχμήσονται
1027 528 1323 614 ἀκηδέες·
1371 529 1534 597 οὐδέ
1576 546 1651 596 σε
1695 533 1905 616 μήτηρ

227 635 568 723 ἐνθεμένη
614 635 906 721 λεχέεσσι
950 639 1289 720 γοήσεται,
1326 636 1491 703 ἀλλά
1536 636 1977 720 Σκάμανδρος

227 750 410 810 οἴσει
459 745 706 828 δινήεις
752 749 906 808 εἴσω
954 743 1110 822 ἁλὸς
1156 742 1353 830 εὐρέα
1396 746 1660 810 κόλπον.
2152 756 2253 806 125

221 851 574 936 θρώσκων
618 872 717 926 τις
759 850 922 914 κατὰ
965 858 1139 934 κῦμα
1183 849 1505 935 μέλαιναν
1550 843 1733 936 φρῖχ’
1773 844 2031 924 ὑπαΐξει

227 956 471 1040 ἰχθύς,
519 956 592 1032 ὅς
633 978 707 1020 κε
753 954 1003 1040 φάγῃσι
1048 955 1395 1033 Λυκάονος
1440 954 1679 1040 ἀργέτα
1725 956 1971 1038 δημόν.

225 1057 629 1147 φθείρεσθ’,
675 1061 769 1136 εἰς
814 1061 850 1126 ὅ
894 1083 1012 1126 κεν
1058 1060 1223 1126 ἄστυ
1266 1064 1596 1146 κιχείομεν
1634 1058 1836 1127 Ἰλίου
1884 1060 2056 1145 ίρῆς,

226 1167 433 1252 ὑμεῖς
476 1163 597 1251 μὲν
641 1167 1022 1250 φεύγοντες,
1071 1165 1197 1250 ἐγὼ
1245 1162 1308 1231 δ’
1360 1169 1602 1233 ὄπιθεν
1644 1168 1981 1248 κεραΐζων.

227 1269 392 1338 οὐδ’
444 1272 603 1356 ὑμῖν
646 1275 938 1357 ποταμός
980 1292 1103 1357 περ
1150 1271 1428 1357 ἐύρροος
1473 1270 1918 1356 ἀργυροδίνης
2158 1286 2259 1334 130

228 1377 535 1465 ἀρκέσει,
579 1368 632 1466 ᾧ
682 1378 765 1461 δὴ
814 1378 992 1460 δηθά
1035 1374 1275 1455 πολέας
1322 1377 1603 1462 ἱερεύετε
1646 1376 1963 1462 ταύρους,

230 1485 453 1562 ζωοὺς
497 1479 559 1547 δ’
611 1483 685 1549 έν
732 1484 956 1569 δίνῃσι
1000 1486 1266 1548 καθίετε
1311 1483 1619 1566 μώνυχας
1662 1483 1918 1559 ἵππους.

231 1590 414 1655 ἀλλά
454 1586 564 1655 καὶ
609 1584 698 1667 ὧς
742 1587 1015 1655 ὀλέεσθε
1058 1590 1264 1655 κακὸν
1309 1591 1550 1675 μόρον,
1598 1589 1691 1666 εἰς
1735 1587 1772 1654 ὅ
1815 1610 1888 1652 κε
1931 1586 2170 1663 πάντες

228 1699 455 1762 τίσετε
499 1697 912 1780 Πατρόκλοιο
961 1696 1178 1780 φόνον
1221 1693 1333 1759 καὶ
1376 1696 1608 1779 λοιγὸν
1655 1689 1964 1779 Ἀχαιῶν,

233 1801 366 1879 οὓς
410 1799 514 1867 ἐπὶ
557 1800 759 1885 νηυσὶ
802 1808 1049 1887 θοῇσιν
1093 1800 1405 1885 ἐπέφνετε
1449 1803 1696 1885 νόσφιν
1743 1799 1983 1884 ἐμεῖο.“
2157 1813 2257 1863 135

334 1902 425 1984 ὧς
468 1902 579 1994 ἄρ’
630 1909 791 1993 ἔφη,
852 1907 1143 1991 ποταμὸς
1189 1903 1262 1971 δὲ
1306 1908 1642 1992 χολώσατο
1686 1907 1931 1990 κηρόθι
1976 1908 2258 1989 μᾶλλον,

235 2015 554 2099 ὅρμηνεν
601 2009 668 2080 δ’
719 2014 847 2079 ἀνὰ
890 2015 1147 2097 θυμόν,
1196 2013 1373 2089 ὅπως
1417 2012 1688 2078 παύσειε
1732 2012 1967 2075 πόνοιο

236 2121 400 2198 δῖον
440 2113 761 2202 Ἀχιλλῆα,
813 2119 1108 2203 Τρώεσσι
1155 2115 1229 2184 δὲ
1273 2118 1505 2201 λοιγὸν
1548 2115 1838 2180 ἀλάλκοι.

233 2226 464 2309 τόφρα
512 2221 584 2289 δὲ
629 2222 892 2307 Πηλέος
935 2224 1082 2300 υίὸς
1127 2225 1295 2306 ἔχων
1342 2223 1761 2306 δολιχόσκιον
1807 2222 1995 2304 ἔγχος

231 2326 680 2416 Ἀστεροπαίῳ
728 2329 965 2395 ἐπᾶλτο
1011 2326 1486 2412 κατακτάμεναι
1530 2328 1929 2413 μενεαίνων,
2160 2341 2260 2390 140

238 2433 381 2500 υἰέι
426 2437 839 2519 Πηλεγόνος·
884 2435 1003 2500 τὸν
1054 2430 1115 2500 δ’
1160 2431 1368 2512 Ἀξιὸς
1413 2431 1855 2520 εὐρυρέεθρος

242 2543 514 2625 γείνατο
558 2537 669 2605 καὶ
714 2542 1069 2626 Περίβοια,
1108 2534 1609 2624 Ἀκεσσαμενοῖο
1653 2546 2012 2625 θυγατρῶν

244 2646 667 2732 πρεσβυτάτη
686 2665 699 2680 ·
745 2654 824 2731 τῇ
869 2646 996 2732 γάρ
1042 2644 1128 2730 ῥα
1172 2649 1331 2731 μίγη
1375 2648 1665 2731 ποταμὸς
1710 2647 2101 2730 βαθυδίνης.

247 2760 344 2841 τῷ
391 2748 456 2838 ῤ’
502 2747 791 2836 Ἀχιλεὺς
836 2752 1231 2838 ἐπόρουσεν,
1279 2750 1317 2818 ὁ
1365 2751 1424 2817 δ’
1476 2752 1699 2829 ἀντίος
1744 2751 1815 2817 ἐκ
1859 2759 2180 2835 ποταμοῖο

252 2862 407 2943 ἔστη
453 2862 621 2943 ἔχων
657 2858 781 2923 δύο
826 2859 1058 2943 δοῦρε·
1104 2854 1302 2941 μένος
1339 2855 1418 2923 δέ
1440 2858 1512 2923 oc
1542 2857 1617 2923 έν
1653 2854 1850 2943 φρεσὶ
1886 2862 2094 2939 θῆκεν
2160 2870 2261 2920 145

254 2963 557 3049 Ξάνθος,
605 2962 742 3030 ἐπεὶ
785 2966 1112 3049 κεχόλωτο
1160 2962 1613 3048 δαϊκταμένων
1659 2965 1937 3045 αἰζηῶν,

253 3071 412 3147 τοὺς
449 3064 738 3154 Ἀχιλεὺς
783 3069 993 3148 ἐδάιζε
1035 3069 1199 3133 κατὰ
1236 3066 1398 3153 ῥόον
1454 3064 1608 3134 οὐδ’
1661 3066 1969 3153 ἐλέαιρεν.

255 3177 329 3243 οἰ
368 3171 434 3243 δ’
486 3177 594 3243 ὅτε
639 3178 721 3261 δὴ
769 3178 1006 3261 σχεδὸν
1051 3171 1221 3259 ἦσαν
1268 3170 1368 3240 ἐπ’
1420 3174 1803 3259 ἀλλήλοισιν
1842 3176 2078 3255 ἰόντες,

255 3284 375 3348 τὸν
417 3284 736 3368 πρότερος
779 3279 1126 3367 προσέειπε
1169 3279 1505 3364 ποδάρκης
1553 3280 1694 3357 δῖος
1733 3275 2083 3364 Ἀχιλλεύς·

257 3389 420 3472 ,,τίς,
456 3390 670 3454 πόθεν
699 3389 792 3466 εἰς
818 3388 1106 3472 ἀνδρῶν,
1145 3377 1181 3451 ὅ
1217 3409 1341 3470 μευ
1379 3388 1566 3469 ἔτλης
1601 3385 1824 3461 ἀντίος
1860 3385 2115 3461 ἐλθεῖν;
2160 3397 2262 3446 150

259 3496 605 3578 δυστήνων
651 3491 731 3558 δέ
769 3516 839 3558 τε
882 3493 1111 3569 παῖδες
1155 3490 1287 3578 ἐμῷ
1333 3488 1515 3575 μένει
1561 3489 1975 3553 ἀντιόωσιν.“

364 3608 564 3649 Bonum
590 3607 741 3647 Inus.
781 3602 845 3646 Π.
1878 3594 1940 3640 12

1983 3770 2018 3787 Ν
