2525 3884
1046 186 1350 240 ῘΔῙΑΔΟΣ
1385 189 1502 240 XV.
2168 186 2250 251 51

234 327 468 413 ψυχρὴ
513 326 643 394 ὑπὸ
689 327 885 414 ῥιπῆς
929 328 1363 415 αὐθρηγενέος
1405 308 1661 417 Βορέαο
1678 378 1700 413 ,

236 427 334 509 ὧς
378 444 714 518 κραιπνῶς
758 445 1042 519 μεμαυῖα
1089 433 1394 502 διέπτατο
1440 433 1610 501 ὠκέα
1646 426 1820 522 Ἰρις.

235 537 458 622 ἀγχοῦ
505 537 566 604 δ’
620 538 930 625 ἱσταμένη
974 538 1276 626 προσέφη
1321 542 1564 607 κλυτὸν
1608 540 2051 626 ἐννοσίγαιον·

238 642 614 727 ,,ἀγγελίην
656 645 806 710 τινά
848 667 984 729 τοι,
1028 648 1296 731 γαιήοχε
1341 656 1770 731 κυανοχαῖτα,

234 745 471 832 ἦλθον
518 750 717 833 δεῦρο
760 749 1060 836 φέρουσα
1103 750 1310 836 παραὶ
1353 754 1521 829 Διὸς
1566 753 1906 837 αἰγιόχοιο.
2152 766 2251 818 176

233 855 676 937 παυσάμενόν
721 850 782 920 σ’
835 854 1133 923 ἐκέλευσε
1177 857 1389 942 μάχης
1430 854 1550 941 ἠδὲ
1593 857 1944 943 πτολέμοιο

234 961 566 1044 ἔρχεσθαι
612 962 772 1044 μετὰ
811 966 991 1045 φῦλα
1034 968 1219 1028 θεῶν
1261 962 1304 1045 ἢ
1351 963 1445 1040 εἰς
1487 963 1612 1029 ἅλα
1658 964 1831 1030 δῖαν.

188 1136 195 1141 ,
235 1069 307 1132 εἰ
353 1065 435 1130 δέ
478 1066 548 1132 οἰ
587 1066 709 1131 οὐκ
754 1062 1009 1133 ἐπέεσσ’
1059 1066 1452 1151 ἐπιπείσεαι,
1498 1065 1641 1134 ἀλλ’
1692 1068 2065 1153 ἀλογήσεις,

235 1172 502 1255 ἠπείλει
544 1170 657 1236 καὶ
698 1183 916 1250 κεῖνος
958 1172 1334 1257 ἐναντίβιον
1376 1173 1744 1260 πολεμίξων

240 1271 489 1343 ἐνθάδ’
540 1277 954 1344 ἐλεύσεσθαι·
999 1274 1074 1344 σὲ
1121 1273 1181 1344 δ’
1232 1278 1720 1358 ὑπεξαλέασθαι
1763 1280 2047 1364 ἀνώγειν
2150 1297 2250 1348 180

236 1394 505 1470 χεῖρας,
550 1382 692 1449 ἐπεὶ
734 1384 848 1450 σέο
896 1382 1060 1468 φησὶ
1105 1387 1218 1470 βίῃ
1263 1388 1436 1450 πολὺ
1481 1383 1798 1472 φέρτερος
1842 1380 2013 1452 εἶναι

237 1487 360 1554 καὶ
404 1499 596 1574 γενεῇ
640 1492 976 1577 πρότερος,
1023 1490 1147 1557 σὸν
1193 1488 1258 1555 δ’
1312 1490 1436 1556 οὐκ
1480 1493 1711 1558 ὄθεται
1755 1493 1957 1575 φίλον
1999 1485 2162 1578 ἦτορ

242 1591 401 1660 ἶσόν
446 1596 517 1660 οἰ
556 1597 850 1679 φάσθαι,
893 1598 1013 1660 τόν
1056 1617 1128 1660 τε
1172 1594 1525 1680 στυγέουσι
1567 1594 1677 1662 καὶ
1722 1597 1974 1662 ἄλλοι.“

338 1702 462 1783 τὴν
508 1697 580 1766 δὲ
624 1697 768 1785 μέγ’
821 1701 1117 1786 ὀχθήσας
1158 1700 1461 1788 προσέφη
1505 1703 1742 1779 κλυτὸς
1785 1701 2222 1787 ἐννοσίγαιος·

239 1807 351 1891 »ὦ
377 1809 612 1889 πόποι,
656 1801 699 1889 ἦ
737 1804 797 1892 ῤ’
842 1805 1097 1890 ἀγαθός
1131 1828 1254 1891 περ
1293 1807 1421 1873 ἐὼν
1456 1806 1834 1894 ὑπέροπλον
1869 1811 2116 1892 ἔειπεν,
2147 1824 2247 1876 18⁶

239 1918 318 1979 εἴ
357 1910 421 1997 μ’
475 1912 790 1996 ὁμότιμον
837 1912 1030 1978 ἐόντα
1074 1915 1186 1998 βίῃ
1232 1910 1509 1978 ἀέκοντα
1551 1912 1835 1993 καθέξει.

236 2029 424 2104 τρεῖς
458 2019 585 2104 γάρ
618 2012 677 2082 τ’
709 2016 782 2083 ἐκ
807 2020 1081 2102 Κρόνου
1118 2015 1301 2102 εἰμὲν
1335 2017 1667 2102 ἀδελφεοί,
1705 2017 1823 2094 οὓς
1847 2015 2065 2083 τέκετο
2084 2015 2245 2102 Ῥέα,

244 2125 422 2204 Ζεὺς
463 2121 574 2189 καὶ
620 2122 777 2207 ἐγώ,
824 2125 1123 2209 τρίτατος
1168 2119 1229 2189 δ’
1277 2120 1495 2208 Ἀίδης
1539 2120 1866 2205 ἐνέροισιν
1909 2121 2245 2190 ἀνάσσων·

239 2230 491 2314 τριχθὰ
545 2226 617 2294 δὲ
663 2230 875 2294 πάντα
922 2226 1262 2311 δέδασται,
1319 2228 1589 2304 ἕκαστος
1634 2225 1695 2292 δ’
1747 2230 1987 2312 ἔμμορε
2031 2238 2246 2314 τιμῆς·

240 2332 291 2419 ἦ
338 2358 443 2400 τοι
489 2334 671 2417 ἐγὼν
704 2337 939 2418 ἔλαχον
982 2336 1223 2417 πολιὴν
1268 2334 1394 2399 ἅλα
1438 2331 1706 2417 ναιέμεν
1749 2331 1879 2400 αἰεὶ
2146 2352 2245 2403 190

242 2437 712 2523 παλλομένων,
752 2434 969 2522 Ἀίδης
1013 2436 1076 2504 δ’
1130 2442 1317 2522 ἔλαχε
1365 2441 1570 2524 ζόφον
1611 2438 1957 2525 ἠερόεντα,

248 2548 422 2623 Ζεὺς
467 2540 532 2610 δ’
567 2538 742 2630 ἔλαχ’
785 2545 1077 2631 οὐρανὸν
1112 2544 1320 2632 εὐρὺν
1354 2542 1428 2611 ἐν
1466 2542 1684 2632 αὐθέρι
1726 2543 1836 2610 καὶ
1871 2543 2245 2632 νεφέλῃσιν·

140 2688 149 2695 1
245 2663 406 2735 γαῖα
452 2647 513 2715 δ’
568 2653 663 2716 ἐτι
707 2649 869 2734 ξυνὴ
913 2651 1181 2715 πάντων
1225 2649 1336 2716 καὶ
1380 2652 1627 2737 μακρὸς
1652 2648 1999 2734 Ὄλυμπος.

246 2766 340 2846 τῷ
386 2756 470 2842 ῥα
514 2754 624 2822 καὶ
671 2755 753 2822 ,οὔ
797 2780 858 2820 τι
904 2757 1071 2832 Διὸς
1115 2754 1348 2841 βέομαι
1393 2760 1660 2843 φρεσίν,
1707 2755 1872 2820 ἀλλὰ
1916 2754 2173 2839 ἕκηλος,

122 2921 139 2927 ,
246 2860 359 2928 καὶ
402 2864 715 2948 κρατερός
756 2882 878 2945 περ
925 2860 1083 2943 ἐών,
1128 2860 1376 2946 μενέτω
1421 2861 1685 2946 τριτάτῃ
1733 2857 1834 2925 ἐνὶ
1881 2862 2098 2946 μοίρῃ.
2144 2878 2243 2929 195

249 2966 436 3055 χερσὶ
481 2963 554 3034 δὲ
598 2969 688 3051 μή
731 2970 802 3032 τί
840 2990 920 3051 με
963 2968 1181 3052 πάγχυ
1223 2968 1428 3033 κακὸν
1473 2965 1563 3042 ὣς
1607 2964 2078 3031 δειδισσέσθω·

160 3053 187 3069 l
247 3072 731 3162 θυγατέρεσσιν
772 3072 899 3159 γάρ
942 3095 1013 3138 τε
1055 3069 1166 3136 καὶ
1209 3071 1393 3136 υἱάσι
1438 3068 1748 3155 βέλτερον
1792 3076 1892 3155 εἴη

114 3224 169 3253 ἰ·-

206 3225 211 3233 ·
249 3180 596 3264 ἐκπάγλοις
640 3176 938 3244 ἐπέεσσιν
983 3175 1354 3261 ἐνισσέμεν,
1402 3175 1519 3254 οὓς
1562 3176 1746 3242 τέκεν
1792 3176 2014 3256 αὐτός·

31 3328 39 3347 .
110 3306 157 3369 ‘s
248 3287 322 3353 οἳ
360 3284 520 3352 ἑθεν
564 3284 961 3372 ὀτρύνοντος
1003 3282 1399 3349 ἀκούσονται
1442 3281 1551 3347 καὶ
1597 3282 1912 3368 ἀνάγκῃ.“

104 3390 139 3405 ‚a

120 3512 133 3519 ‘
185 3468 475 3585 „o²‹'5·tm
520 3497 650 3583 γὰρ
697 3497 779 3580 δή
823 3517 956 3578 τοι,
1000 3495 1268 3577 γαιήοχε
1310 3501 1738 3573 κυανοχαῖτα,

334 3393 454 3458 τὸν
500 3388 562 3457 δ’
613 3383 897 3476 ἠμείβετ’
949 3391 1168 3454 ἔπειτα
1202 3390 1578 3472 ποδήνεμος
1623 3385 1792 3451 ὠκέα
1827 3377 2012 3472 Ἰρις·
2141 3403 2242 3453 200

1826 3588 1908 3640 4*
