2525 3884
1010 206 1313 259 muoz
1346 207 1492 258 xx1.
1556 278 1560 283 .
2123 202 2251 269 179

232 347 470 430 τεύχεά
514 344 573 411 τ’
630 342 952 434 ἐξενάριξε
995 345 1107 413 καὶ
1151 347 1505 433 εὐχόμενος
1548 351 1702 425 ἔπος
1746 348 1946 432 ηὔδα·

230 448 450 535 ,’,κεῖσ’
506 452 742 530 οὕτως·
785 455 1073 538 χαλεπόν
1115 476 1221 519 τοι
1265 452 1648 543 ἐρισθενέος
1689 457 2078 540 Κρονίωνος

230 555 470 624 παισὶν
515 556 909 644 ἐριζέμεναι,
954 562 1277 644 ποταμοῖό
1320 581 1443 643 περ
1490 559 1856 643 ἐκγεγαῶτι.
2152 574 2251 626 185

229 671 471 748 φῆσθα
539 668 625 730 σὺ
679 662 803 749 μὲν
844 668 1146 750 ποταμοῦ
1189 666 1384 750 γένος
1430 669 1702 751 ἔμμεναι
1746 667 1909 752 εὐρὺ
1954 665 2249 751 ῥέοντος,

233 769 452 856 αὐτὰρ
499 770 628 854 ἐγὼ
672 772 908 856 γενεὴν
953 772 1241 857 μεγάλου
1287 773 1456 850 Διὸς
1499 773 1774 858 εὔχομαι
1818 767 2006 837 εἶναι.

228 879 413 941 τίκτε
456 872 526 960 μ’
580 875 748 962 ἀνὴρ
793 881 1140 942 πολλοῖσιν
1185 877 1498 944 ἀνάσσων
1542 879 2094 965 Μυρμιδόνεσσιν

227 984 505 1064 Πηλεὺς
548 982 899 1065 Αἰακίδης·
946 982 983 1047 ὁ
1030 977 1093 1048 δ’
1144 978 1250 1069 ἄρ’
1302 985 1550 1062 Αἰακὸς
1594 983 1665 1051 ἐκ
1710 987 1877 1063 Διὸς
1921 980 2058 1069 ἦεν.

226 1095 326 1175 τῷ
374 1089 701 1172 κρείσσων
745 1085 869 1172 μὲν
916 1090 1084 1166 Ζεὺς
1126 1096 1439 1174 ποταμῶν
1485 1090 2010 1176 ἁλιμυρηέντων,
2152 1106 2251 1157 190

222 1195 565 1279 κρείσσων
610 1189 766 1259 αὖτε
810 1195 979 1271 Διὸς
1021 1195 1217 1279 γενεὴ
1261 1206 1582 1280 ποταμοῖο
1626 1194 1941 1263 τέτυκται.

223 1296 346 1365 καὶ
389 1300 517 1385 γὰρ
564 1296 672 1364 σοὶ
715 1301 1006 1383 ποταμός
1048 1323 1126 1383 γε
1168 1300 1346 1386 πάρα
1391 1298 1623 1384 μέγας,
1670 1303 1733 1367 εἰ
1776 1302 2060 1367 δύναταί
2081 1323 2160 1365 -τι

219 1415 609 1490 χραισμεῖν·
655 1401 798 1469 ἀλλ’
850 1403 971 1470 οὐκ
1016 1407 1157 1470 ἔστι
1200 1402 1322 1471 Διὶ
1365 1408 1706 1492 Κρονίωνι
1742 1406 2098 1491 μάχεσθαι,

219 1519 323 1598 τῷ
373 1507 534 1576 οὐδὲ
575 1513 815 1596 κρείων
853 1508 1196 1595 Ἀχελώιος
1243 1513 1637 1598 ἰσοφαρίζει,

225 1613 396 1682 οὐδὲ
440 1619 888 1703 βαθυρρείταο
933 1615 1099 1702 μέγα
1145 1616 1391 1695 σθένος
1429 1616 1795 1702 Ὠκεανοῖο,
2147 1636 2248 1685 195

221 1721 298 1800 ἐξ
347 1717 429 1787 οὗ
475 1742 598 1807 περ
643 1722 882 1800 πάντες
923 1721 1207 1808 ποταμοὶ
1249 1722 1362 1790 καὶ
1403 1732 1580 1790 πᾶσα
1623 1725 1934 1791 θάλασσα

220 1824 343 1893 καὶ
388 1835 591 1892 πᾶσαι
636 1823 873 1913 κρῆναι
916 1825 1027 1894 καὶ
1072 1832 1351 1915 φρείατα
1396 1831 1611 1916 μακρὰ
1654 1831 1962 1897 νάουσιν·

223 1933 399 1998 ἀλλὰ
441 1931 552 1998 καὶ
598 1933 678 2011 ὃς,
717 1935 1003 2000 δείδοικε
1047 1936 1215 2012 Διὸς
1259 1936 1569 2021 μεγάλοιο
1613 1937 1942 2022 κεραυνὸν

224 2041 468 2123 δεινήν
502 2061 573 2105 τε
618 2042 930 2126 βροντήν,
977 2036 1082 2105 ὅτ’
1135 2032 1250 2106 ἀπ’
1298 2041 1677 2127 οὐρανόθεν
1724 2043 2180 2128 σμαραγήσῃ.“

317 2140 363 2228 ἦ
409 2143 493 2230 ῥα
537 2142 646 2210 καὶ
691 2146 764 2212 ἐκ
807 2156 1129 2232 κρημνοῖο
1177 2146 1500 2233 ἐρύσσατο
1546 2146 1824 2231 χάλκεον
1870 2149 2088 2232 ἔγχος,
2146 2165 2249 2215 200

224 2252 355 2316 τὸν
401 2246 475 2315 δὲ
520 2248 664 2316 κατ’
717 2251 959 2318 αὐτόθι
1001 2257 1254 2335 λεῖπεν,
1322 2250 1460 2318 ἐπεὶ
1508 2255 1709 2336 φίλον
1752 2247 1914 2336 ἦτορ
1962 2253 2246 2340 ἀπηύρα,

225 2358 540 2440 κείμενον
576 2356 650 2422 ἐν
694 2357 1104 2442 ψαμάθοισι,
1154 2359 1369 2423 δίαινε
1417 2355 1495 2423 δέ
1535 2381 1651 2441 μιν
1697 2356 1903 2442 μέλαν
1946 2359 2147 2446 ὕδωρ.

227 2463 353 2527 τὸν
394 2459 518 2547 μὲν
563 2457 671 2548 ἄρ’
724 2461 1023 2547 ἐγχέλυές
1065 2486 1137 2529 τε
1182 2461 1293 2529 καὶ
1333 2463 1561 2548 ἰχθύες
1608 2463 2099 2550 ἀμφεπένοντο,

230 2568 452 2653 δημὸν
498 2568 919 2654 ἐρεπτόμενοι
965 2568 1424 2654 ἐπινεφρίδιον
1467 2572 1831 2656 κείροντες·

229 2674 441 2760 αὐτὰρ
489 2674 524 2740 ὁ
572 2678 656 2759 βῆ
703 2671 765 2760 ῤ’
821 2672 991 2740 ἰέναι
1035 2677 1196 2760 μετὰ
1240 2678 1540 2755 Παίονας
1586 2676 2097 2762 ἱπποκορυστάς,
2147 2692 2249 2743 205

229 2780 304 2846 οἳ
344 2774 411 2865 ῤ’
462 2784 558 2845 ἔτι
601 2782 732 2867 πὰρ
777 2781 1074 2865 ποταμὸν
1118 2784 1499 2866 πεφοβήατο
1539 2782 1877 2867 δινήεντα,

229 2886 325 2962 ὡς
369 2880 553 2951 εἶδον
596 2888 716 2952 τὸν
760 2888 1033 2973 ἄριστον
1077 2885 1178 2952 ἐνὶ
1221 2896 1504 2974 κρατερῇ
1546 2887 1793 2973 ὑσμίνῃ

227 2986 414 3077 χέρσ’
466 2993 597 3058 ὕπο
643 2995 984 3077 Πηλεΐδαο
1019 2990 1130 3058 καὶ
1177 2990 1328 3079 ἄορι
1374 2988 1480 3077 ἶφι
1528 2991 1833 3077 δαμέντα.

144 3102 161 3109 ”
227 3091 388 3163 ἔνθ’
439 3095 543 3162 ἕλε
589 3101 992 3184 Θερσίλοχόν
1037 3121 1107 3164 τε
1158 3098 1468 3164 Μύδωνά
1511 3120 1582 3163 τε
1619 3095 2026 3164 Ἀστύπυλόν
2068 3119 2142 3163 τε

231 3204 524 3286 Μνῆσόν
567 3225 639 3269 τε
683 3206 977 3291 Θρασίον
1013 3226 1084 3269 τε
1117 3201 1229 3269 καὶ
1263 3208 1508 3268 Αἴνιον
1544 3199 1651 3286 ἠδ’
1689 3196 2108 3288 Ὀφελέστην·
2148 3220 2251 3270 210

225 3310 350 3373 καί
396 3310 483 3387 νύ
528 3303 588 3373 κ’
641 3312 736 3375 ἔτι
779 3310 1064 3387 πλέονας
1097 3309 1295 3375 κτάνε
1340 3311 1640 3386 Παίονας
1685 3309 1857 3386 ὠκὺς
1897 3306 2248 3396 Ἀχιλλεύς,

230 3415 297 3480 εἰ
337 3415 427 3498 μὴ
472 3415 851 3499 χωσάμενος
894 3413 1198 3501 προσέφη
1243 3416 1534 3499 ποταμὸς
1578 3417 1987 3498 βαθυδίνης,

228 3517 418 3605 ἀνέρι
464 3519 837 3604 εἰσάμενος,
886 3517 1134 3603 βαθέης
1180 3516 1243 3585 δ’
1296 3517 1705 3603 ἐκφθέγξατο
1754 3519 1968 3649 δίνηὲ·

1820 3623 1885 3670 12
