<?xml version="1.0" encoding="UTF-8"?>
<!DOCTYPE html PUBLIC "-//W3C//DTD XHTML 1.0 Transitional//EN"
    "http://www.w3.org/TR/xhtml1/DTD/xhtml1-transitional.dtd">
<html xmlns="http://www.w3.org/1999/xhtml" xml:lang="en" lang="en">
 <head>
  <title>
</title>
<meta http-equiv="Content-Type" content="text/html;charset=utf-8" />
  <meta name='ocr-system' content='tesseract 3.04.00' />
  <meta name='ocr-capabilities' content='ocr_page ocr_carea ocr_par ocr_line ocrx_word'/>
</head>
<body>
  <div class='ocr_page' id='page_1' title='image "./homeriilias00wolfgoog_0185.png"; bbox 0 0 2525 3884; ppageno 0'>
   <div class='ocr_carea' id='block_1_1' title="bbox 936 183 2180 248">
    <p class='ocr_par' dir='ltr' id='par_1_1' title="bbox 936 183 2180 248">
     <span class='ocr_line' id='line_1_1' title="bbox 936 183 2180 248; baseline 0.01 -14"><span class='ocrx_word' id='word_1_1' title='bbox 936 184 1238 237; x_wconf 78' lang='grc' dir='ltr'><strong>ῙΛΙΑΔΟΣ</strong></span> <span class='ocrx_word' id='word_1_2' title='bbox 1275 185 1420 239; x_wconf 79' lang='lat' dir='ltr'>XXI.</span> <span class='ocrx_word' id='word_1_3' title='bbox 2055 183 2180 248; x_wconf 81' lang='lat'><strong><em>173</em></strong></span> 
     </span>
    </p>
   </div>
   <div class='ocr_carea' id='block_1_2' title="bbox 866 377 1485 454">
    <p class='ocr_par' dir='ltr' id='par_1_2' title="bbox 866 377 1485 454">
     <span class='ocr_line' id='line_1_2' title="bbox 866 377 1485 454; baseline 0.003 -2"><span class='ocrx_word' id='word_1_4' title='bbox 866 377 1343 454; x_wconf 88' lang='grc' dir='ltr'><strong>ΙΛΙΑΔΟΣ</strong></span> <span class='ocrx_word' id='word_1_5' title='bbox 1394 379 1485 454; x_wconf 89' lang='grc' dir='ltr'><strong><em>Φ.</em></strong></span> 
     </span>
    </p>
   </div>
   <div class='ocr_carea' id='block_1_3' title="bbox 1068 518 1281 530">
    <p class='ocr_par' dir='ltr' id='par_1_3' title="bbox 1068 518 1281 530">
     <span class='ocr_line' id='line_1_3' title="bbox 1068 518 1281 530; baseline 0 3354"><span class='ocrx_word' id='word_1_6' title='bbox 1068 518 1281 530; x_wconf 95' lang='lat' dir='ltr'><strong><em> </em></strong></span> 
     </span>
    </p>
   </div>
   <div class='ocr_carea' id='block_1_4' title="bbox 743 602 1625 690">
    <p class='ocr_par' dir='ltr' id='par_1_4' title="bbox 743 602 1625 690">
     <span class='ocr_line' id='line_1_4' title="bbox 743 602 1625 690; baseline 0.003 -22"><span class='ocrx_word' id='word_1_7' title='bbox 743 602 972 687; x_wconf 85' lang='grc' dir='ltr'><strong><em>Μάχη</em></strong></span> <span class='ocrx_word' id='word_1_8' title='bbox 1016 604 1625 690; x_wconf 76' lang='grc' dir='ltr'><strong><em>παραποτάμιος.</em></strong></span> 
     </span>
    </p>
   </div>
   <div class='ocr_carea' id='block_1_5' title="bbox 152 736 2177 1362">
    <p class='ocr_par' dir='ltr' id='par_1_5' title="bbox 152 736 2177 1362">
     <span class='ocr_line' id='line_1_5' title="bbox 252 736 1863 833; baseline 0.002 -24"><span class='ocrx_word' id='word_1_9' title='bbox 252 741 403 811; x_wconf 89' lang='grc' dir='ltr'><strong><em>ἀλλ’</em></strong></span> <span class='ocrx_word' id='word_1_10' title='bbox 448 745 556 810; x_wconf 83' lang='grc' dir='ltr'><strong><em>ὅτε</em></strong></span> <span class='ocrx_word' id='word_1_11' title='bbox 603 745 686 828; x_wconf 77' lang='grc' dir='ltr'><strong><em>δὴ</em></strong></span> <span class='ocrx_word' id='word_1_12' title='bbox 730 747 942 831; x_wconf 90' lang='grc' dir='ltr'><strong><em>πόρον</em></strong></span> <span class='ocrx_word' id='word_1_13' title='bbox 987 736 1128 824; x_wconf 82' lang='grc' dir='ltr'><strong><em>ἷξον</em></strong></span> <span class='ocrx_word' id='word_1_14' title='bbox 1175 745 1472 833; x_wconf 82' lang='grc' dir='ltr'><strong><em>ἐυρρετος</em></strong></span> <span class='ocrx_word' id='word_1_15' title='bbox 1510 757 1863 832; x_wconf 82' lang='grc' dir='ltr'><strong><em>ποταμοῖο,</em></strong></span> 
     </span>
     <span class='ocr_line' id='line_1_6' title="bbox 153 850 1874 937; baseline 0.002 -21"><span class='ocrx_word' id='word_1_16' title='bbox 153 851 448 927; x_wconf 74' lang='grc' dir='ltr'><strong><em>Ξάνθου</em></strong></span> <span class='ocrx_word' id='word_1_17' title='bbox 495 853 864 934; x_wconf 88' lang='grc' dir='ltr'><strong><em>δινήεντος,</em></strong></span> <span class='ocrx_word' id='word_1_18' title='bbox 911 850 992 916; x_wconf 87' lang='grc' dir='ltr'><strong><em>ὃν</em></strong></span> <span class='ocrx_word' id='word_1_19' title='bbox 1036 850 1370 931; x_wconf 88' lang='grc' dir='ltr'><strong><em>ἀθάνατος</em></strong></span> <span class='ocrx_word' id='word_1_20' title='bbox 1411 852 1629 919; x_wconf 90' lang='grc' dir='ltr'><strong><em>τέκετο</em></strong></span> <span class='ocrx_word' id='word_1_21' title='bbox 1677 854 1874 937; x_wconf 90' lang='grc' dir='ltr'><strong><em>Ζεύς,</em></strong></span> 
     </span>
     <span class='ocr_line' id='line_1_7' title="bbox 156 953 1748 1042; baseline 0.001 -18"><span class='ocrx_word' id='word_1_22' title='bbox 156 961 345 1024; x_wconf 79' lang='grc' dir='ltr'><strong><em>ἔνθα</em></strong></span> <span class='ocrx_word' id='word_1_23' title='bbox 390 956 745 1042; x_wconf 75' lang='grc' dir='ltr'><strong><em>διατμήξας</em></strong></span> <span class='ocrx_word' id='word_1_24' title='bbox 787 958 944 1033; x_wconf 80' lang='grc' dir='ltr'><strong><em>τοὺς</em></strong></span> <span class='ocrx_word' id='word_1_25' title='bbox 989 953 1111 1041; x_wconf 73' lang='grc' dir='ltr'><strong><em>μὲν</em></strong></span> <span class='ocrx_word' id='word_1_26' title='bbox 1154 959 1464 1025; x_wconf 75' lang='grc' dir='ltr'><strong><em>πεδίονδε</em></strong></span> <span class='ocrx_word' id='word_1_27' title='bbox 1510 960 1748 1026; x_wconf 90' lang='grc' dir='ltr'><strong><em>δίωκεν</em></strong></span> 
     </span>
     <span class='ocr_line' id='line_1_8' title="bbox 152 1054 1947 1150; baseline 0.001 -20"><span class='ocrx_word' id='word_1_28' title='bbox 152 1066 337 1150; x_wconf 84' lang='grc' dir='ltr'><strong><em>πρὸς</em></strong></span> <span class='ocrx_word' id='word_1_29' title='bbox 379 1067 608 1148; x_wconf 88' lang='grc' dir='ltr'><strong><em>πόλιν,</em></strong></span> <span class='ocrx_word' id='word_1_30' title='bbox 653 1054 696 1150; x_wconf 81' lang='grc' dir='ltr'><strong><em>ᾖ</em></strong></span> <span class='ocrx_word' id='word_1_31' title='bbox 731 1059 1143 1148; x_wconf 83' lang='grc' dir='ltr'><strong><em>περἈχαιοὶ</em></strong></span> <span class='ocrx_word' id='word_1_32' title='bbox 1188 1063 1574 1150; x_wconf 78' lang='grc' dir='ltr'><strong><em>ἀτυζόμενοι</em></strong></span> <span class='ocrx_word' id='word_1_33' title='bbox 1619 1062 1947 1149; x_wconf 74' lang='grc' dir='ltr'><strong><em>φοβέοντο</em></strong></span> 
     </span>
     <span class='ocr_line' id='line_1_9' title="bbox 153 1166 2177 1259; baseline 0 -23"><span class='ocrx_word' id='word_1_34' title='bbox 153 1173 370 1255; x_wconf 78' lang='grc' dir='ltr'><strong><em>ἤματι</em></strong></span> <span class='ocrx_word' id='word_1_35' title='bbox 412 1180 503 1259; x_wconf 74' lang='grc' dir='ltr'><strong><em>τῷ</em></strong></span> <span class='ocrx_word' id='word_1_36' title='bbox 547 1168 875 1257; x_wconf 72' lang='grc' dir='ltr'><strong><em>προτέρω,</em></strong></span> <span class='ocrx_word' id='word_1_37' title='bbox 922 1166 1016 1235; x_wconf 81' lang='grc' dir='ltr'><strong><em>ὅτ’</em></strong></span> <span class='ocrx_word' id='word_1_38' title='bbox 1061 1169 1361 1253; x_wconf 79' lang='grc' dir='ltr'><strong><em>ἐμαίνετο</em></strong></span> <span class='ocrx_word' id='word_1_39' title='bbox 1409 1171 1723 1256; x_wconf 78' lang='grc' dir='ltr'><strong><em>φαίδιμος</em></strong></span> <span class='ocrx_word' id='word_1_40' title='bbox 1756 1168 2037 1255; x_wconf 85' lang='grc' dir='ltr'><strong><em>Ἕκτωρ·</em></strong></span> <span class='ocrx_word' id='word_1_41' title='bbox 2146 1187 2177 1236; x_wconf 75' lang='lat'><strong>5</strong></span> 
     </span>
     <span class='ocr_line' id='line_1_10' title="bbox 153 1270 1964 1362; baseline 0 -22"><span class='ocrx_word' id='word_1_42' title='bbox 153 1285 241 1361; x_wconf 77' lang='grc' dir='ltr'><strong><em>τῇ</em></strong></span> <span class='ocrx_word' id='word_1_43' title='bbox 295 1275 359 1362; x_wconf 89' lang='grc' dir='ltr'><strong><em>ῥ’</em></strong></span> <span class='ocrx_word' id='word_1_44' title='bbox 402 1276 477 1342; x_wconf 83' lang='grc' dir='ltr'><strong><em>οἵ</em></strong></span> <span class='ocrx_word' id='word_1_45' title='bbox 512 1300 588 1360; x_wconf 87' lang='grc' dir='ltr'><strong><em>γε</em></strong></span> <span class='ocrx_word' id='word_1_46' title='bbox 630 1274 992 1361; x_wconf 79' lang='grc' dir='ltr'><strong><em>προχέοντο</em></strong></span> <span class='ocrx_word' id='word_1_47' title='bbox 1037 1278 1424 1360; x_wconf 78' lang='grc' dir='ltr'><strong><em>πεφυζότες,</em></strong></span> <span class='ocrx_word' id='word_1_48' title='bbox 1469 1275 1631 1361; x_wconf 82' lang='grc' dir='ltr'><strong><em>ἠέρα</em></strong></span> <span class='ocrx_word' id='word_1_49' title='bbox 1677 1270 1740 1340; x_wconf 87' lang='grc' dir='ltr'><strong><em>δ’</em></strong></span> <span class='ocrx_word' id='word_1_50' title='bbox 1789 1275 1964 1361; x_wconf 59' lang='lat' dir='ltr'><strong><em>“Hpq</em></strong></span> 
     </span>
    </p>
   </div>
   <div class='ocr_carea' id='block_1_6' title="bbox 29 1379 1809 1468">
    <p class='ocr_par' dir='ltr' id='par_1_6' title="bbox 29 1379 1809 1468">
     <span class='ocr_line' id='line_1_11' title="bbox 29 1379 1809 1468; baseline -0.001 -18"><span class='ocrx_word' id='word_1_51' title='bbox 29 1405 32 1452; x_wconf 59' lang='lat' dir='ltr'>r</span> <span class='ocrx_word' id='word_1_52' title='bbox 155 1386 371 1449; x_wconf 80' lang='grc' dir='ltr'><strong><em>πίτνα</em></strong></span> <span class='ocrx_word' id='word_1_53' title='bbox 413 1384 672 1468; x_wconf 81' lang='grc' dir='ltr'><strong><em>πρόσθε</em></strong></span> <span class='ocrx_word' id='word_1_54' title='bbox 716 1384 998 1464; x_wconf 81' lang='grc' dir='ltr'><strong><em>βαθεῖαν</em></strong></span> <span class='ocrx_word' id='word_1_55' title='bbox 1043 1380 1383 1466; x_wconf 74' lang='grc' dir='ltr'><strong><em>ἐρυκέμεν·</em></strong></span> <span class='ocrx_word' id='word_1_56' title='bbox 1427 1381 1690 1467; x_wconf 78' lang='grc' dir='ltr'><strong><em>ἡμίσεες</em></strong></span> <span class='ocrx_word' id='word_1_57' title='bbox 1736 1379 1809 1448; x_wconf 72' lang='grc' dir='ltr'><strong><em>δὲ</em></strong></span> 
     </span>
    </p>
   </div>
   <div class='ocr_carea' id='block_1_7' title="bbox 155 1487 1870 1574">
    <p class='ocr_par' dir='ltr' id='par_1_7' title="bbox 155 1487 1870 1574">
     <span class='ocr_line' id='line_1_12' title="bbox 155 1487 1870 1574; baseline -0.001 -20"><span class='ocrx_word' id='word_1_58' title='bbox 155 1487 231 1566; x_wconf 86' lang='grc' dir='ltr'><strong><em>ἐς</em></strong></span> <span class='ocrx_word' id='word_1_59' title='bbox 280 1488 581 1573; x_wconf 87' lang='grc' dir='ltr'><strong><em>ποταμὸν</em></strong></span> <span class='ocrx_word' id='word_1_60' title='bbox 627 1489 918 1553; x_wconf 82' lang='grc' dir='ltr'><strong><em>εἰλεῦντο</em></strong></span> <span class='ocrx_word' id='word_1_61' title='bbox 963 1488 1357 1574; x_wconf 77' lang='grc' dir='ltr'><strong><em>βαθύρροον</em></strong></span> <span class='ocrx_word' id='word_1_62' title='bbox 1401 1487 1870 1574; x_wconf 75' lang='grc' dir='ltr'><strong><em>ἀργυροδίνην.</em></strong></span> 
     </span>
    </p>
   </div>
   <div class='ocr_carea' id='block_1_8' title="bbox 29 1589 2176 1816">
    <p class='ocr_par' dir='ltr' id='par_1_8' title="bbox 29 1589 2176 1816">
     <span class='ocr_line' id='line_1_13' title="bbox 29 1589 2176 1682; baseline 0 -22"><span class='ocrx_word' id='word_1_63' title='bbox 29 1647 30 1672; x_wconf 22' lang='grc' dir='ltr'>ἶ</span> <span class='ocrx_word' id='word_1_64' title='bbox 157 1595 240 1661; x_wconf 85' lang='grc' dir='ltr'><strong><em>ἐν</em></strong></span> <span class='ocrx_word' id='word_1_65' title='bbox 293 1589 356 1659; x_wconf 90' lang='grc' dir='ltr'><strong><em>δ’</em></strong></span> <span class='ocrx_word' id='word_1_66' title='bbox 400 1597 639 1659; x_wconf 83' lang='grc' dir='ltr'><strong><em>ἔπεσον</em></strong></span> <span class='ocrx_word' id='word_1_67' title='bbox 682 1594 939 1681; x_wconf 81' lang='grc' dir='ltr'><strong><em>μεγάλω</em></strong></span> <span class='ocrx_word' id='word_1_68' title='bbox 983 1594 1284 1682; x_wconf 74' lang='grc' dir='ltr'><strong><em>πατάγῳ,</em></strong></span> <span class='ocrx_word' id='word_1_69' title='bbox 1334 1595 1536 1681; x_wconf 80' lang='grc' dir='ltr'><strong><em>βράχε</em></strong></span> <span class='ocrx_word' id='word_1_70' title='bbox 1582 1591 1644 1660; x_wconf 87' lang='grc' dir='ltr'><strong><em>δ’</em></strong></span> <span class='ocrx_word' id='word_1_71' title='bbox 1696 1595 1856 1661; x_wconf 81' lang='grc' dir='ltr'><strong><em>αἰπὰ</em></strong></span> <span class='ocrx_word' id='word_1_72' title='bbox 1900 1593 2176 1681; x_wconf 88' lang='grc' dir='ltr'><strong><em>ῥέεθρα,</em></strong></span> 
     </span>
     <span class='ocr_line' id='line_1_14' title="bbox 29 1694 2176 1816; baseline 0 -49"><span class='ocrx_word' id='word_1_73' title='bbox 29 1771 32 1816; x_wconf 74' lang='lat' dir='ltr'>t</span> <span class='ocrx_word' id='word_1_74' title='bbox 157 1703 376 1785; x_wconf 78' lang='grc' dir='ltr'><strong><em>ὄχθαι</em></strong></span> <span class='ocrx_word' id='word_1_75' title='bbox 414 1694 476 1765; x_wconf 87' lang='grc' dir='ltr'><strong><em>δ’</em></strong></span> <span class='ocrx_word' id='word_1_76' title='bbox 519 1697 687 1785; x_wconf 87' lang='grc' dir='ltr'><strong><em>ἀμφὶ</em></strong></span> <span class='ocrx_word' id='word_1_77' title='bbox 731 1698 882 1786; x_wconf 88' lang='grc' dir='ltr'><strong><em>περὶ</em></strong></span> <span class='ocrx_word' id='word_1_78' title='bbox 917 1695 1143 1784; x_wconf 83' lang='grc' dir='ltr'><strong><em>μεγάλ’</em></strong></span> <span class='ocrx_word' id='word_1_79' title='bbox 1185 1707 1405 1786; x_wconf 78' lang='grc' dir='ltr'><strong><em>ἴαχον·</em></strong></span> <span class='ocrx_word' id='word_1_80' title='bbox 1452 1701 1524 1767; x_wconf 75' lang='grc' dir='ltr'><strong><em>οἱ</em></strong></span> <span class='ocrx_word' id='word_1_81' title='bbox 1564 1696 1631 1767; x_wconf 89' lang='grc' dir='ltr'><strong><em>δ’</em></strong></span> <span class='ocrx_word' id='word_1_82' title='bbox 1674 1702 1971 1790; x_wconf 74' lang='grc' dir='ltr'><strong><em>ἀλαλητῷ</em></strong></span> <span class='ocrx_word' id='word_1_83' title='bbox 2111 1719 2176 1769; x_wconf 90' lang='lat'><strong><em>10</em></strong></span> 
     </span>
    </p>
   </div>
   <div class='ocr_carea' id='block_1_9' title="bbox 160 1803 1920 1893">
    <p class='ocr_par' dir='ltr' id='par_1_9' title="bbox 160 1803 1920 1893">
     <span class='ocr_line' id='line_1_15' title="bbox 160 1803 1920 1893; baseline 0.001 -21"><span class='ocrx_word' id='word_1_84' title='bbox 160 1810 407 1873; x_wconf 78' lang='grc' dir='ltr'><strong><em>ἔννεον</em></strong></span> <span class='ocrx_word' id='word_1_85' title='bbox 453 1807 622 1871; x_wconf 73' lang='grc' dir='ltr'><strong><em>ἔνθα</em></strong></span> <span class='ocrx_word' id='word_1_86' title='bbox 665 1803 773 1871; x_wconf 86' lang='grc' dir='ltr'><strong><em>καὶ</em></strong></span> <span class='ocrx_word' id='word_1_87' title='bbox 818 1808 1017 1889; x_wconf 83' lang='grc' dir='ltr'><strong><em>ἔνθα,</em></strong></span> <span class='ocrx_word' id='word_1_88' title='bbox 1066 1804 1479 1891; x_wconf 81' lang='grc' dir='ltr'><strong><em>ἑλισσόμενοι</em></strong></span> <span class='ocrx_word' id='word_1_89' title='bbox 1520 1805 1672 1893; x_wconf 86' lang='grc' dir='ltr'><strong><em>περὶ</em></strong></span> <span class='ocrx_word' id='word_1_90' title='bbox 1716 1808 1920 1886; x_wconf 88' lang='grc' dir='ltr'><strong><em>δίνας.</em></strong></span> 
     </span>
    </p>
   </div>
   <div class='ocr_carea' id='block_1_10' title="bbox 29 1906 1930 1999">
    <p class='ocr_par' dir='ltr' id='par_1_10' title="bbox 29 1906 1930 1999">
     <span class='ocr_line' id='line_1_16' title="bbox 29 1906 1930 1999; baseline 0.003 -27"><span class='ocrx_word' id='word_1_91' title='bbox 29 1943 32 1972; x_wconf 39' lang='grc' dir='ltr'><strong><em>ι</em></strong></span> <span class='ocrx_word' id='word_1_92' title='bbox 160 1912 258 1990; x_wconf 83' lang='grc' dir='ltr'><strong><em>ὡς</em></strong></span> <span class='ocrx_word' id='word_1_93' title='bbox 306 1906 371 1977; x_wconf 88' lang='grc' dir='ltr'><strong><em>δ’</em></strong></span> <span class='ocrx_word' id='word_1_94' title='bbox 415 1910 526 1977; x_wconf 80' lang='grc' dir='ltr'><strong><em>ὅθ’</em></strong></span> <span class='ocrx_word' id='word_1_95' title='bbox 568 1911 697 1978; x_wconf 82' lang='grc' dir='ltr'><strong><em>ὑπὸ</em></strong></span> <span class='ocrx_word' id='word_1_96' title='bbox 743 1910 936 1997; x_wconf 82' lang='grc' dir='ltr'><strong><em>ῥιπῆς</em></strong></span> <span class='ocrx_word' id='word_1_97' title='bbox 979 1914 1187 1998; x_wconf 89' lang='grc' dir='ltr'><strong><em>πυρὸς</em></strong></span> <span class='ocrx_word' id='word_1_98' title='bbox 1232 1911 1497 1998; x_wconf 83' lang='grc' dir='ltr'><strong><em>ἀκρίδες</em></strong></span> <span class='ocrx_word' id='word_1_99' title='bbox 1538 1912 1930 1999; x_wconf 80' lang='grc' dir='ltr'><strong><em>ἠερέθονται</em></strong></span> 
     </span>
    </p>
   </div>
   <div class='ocr_carea' id='block_1_11' title="bbox 158 2014 2175 3583">
    <p class='ocr_par' dir='ltr' id='par_1_11' title="bbox 158 2014 2175 3583">
     <span class='ocr_line' id='line_1_17' title="bbox 162 2014 2087 2104; baseline -0.001 -19"><span class='ocrx_word' id='word_1_100' title='bbox 162 2016 575 2103; x_wconf 81' lang='grc' dir='ltr'><strong><em>φευγέμεναι</em></strong></span> <span class='ocrx_word' id='word_1_101' title='bbox 617 2019 1019 2102; x_wconf 91' lang='grc' dir='ltr'><strong><em>ποταμόνδε·</em></strong></span> <span class='ocrx_word' id='word_1_102' title='bbox 1061 2019 1137 2084; x_wconf 88' lang='grc' dir='ltr'><strong><em>τὸ</em></strong></span> <span class='ocrx_word' id='word_1_103' title='bbox 1186 2014 1260 2084; x_wconf 75' lang='grc' dir='ltr'><strong><em>δὲ</em></strong></span> <span class='ocrx_word' id='word_1_104' title='bbox 1307 2017 1535 2103; x_wconf 81' lang='grc' dir='ltr'><strong><em>φλέγει</em></strong></span> <span class='ocrx_word' id='word_1_105' title='bbox 1580 2017 1911 2102; x_wconf 89' lang='grc' dir='ltr'><strong><em>ἀκάματον</em></strong></span> <span class='ocrx_word' id='word_1_106' title='bbox 1954 2028 2087 2104; x_wconf 86' lang='grc' dir='ltr'><strong><em>πῦρ</em></strong></span> 
     </span>
     <span class='ocr_line' id='line_1_18' title="bbox 158 2120 1991 2211; baseline -0.002 -20"><span class='ocrx_word' id='word_1_107' title='bbox 158 2126 460 2211; x_wconf 73' lang='grc' dir='ltr'><strong><em>ὄρμενον</em></strong></span> <span class='ocrx_word' id='word_1_108' title='bbox 504 2124 844 2209; x_wconf 83' lang='grc' dir='ltr'><strong><em>ἐξαίφνης,</em></strong></span> <span class='ocrx_word' id='word_1_109' title='bbox 888 2121 995 2189; x_wconf 88' lang='grc' dir='ltr'><strong><em>ταὶ</em></strong></span> <span class='ocrx_word' id='word_1_110' title='bbox 1041 2121 1115 2189; x_wconf 72' lang='grc' dir='ltr'><strong><em>δὲ</em></strong></span> <span class='ocrx_word' id='word_1_111' title='bbox 1158 2124 1539 2189; x_wconf 81' lang='grc' dir='ltr'><strong><em>πτώσσουσι</em></strong></span> <span class='ocrx_word' id='word_1_112' title='bbox 1583 2120 1737 2188; x_wconf 86' lang='grc' dir='ltr'><strong><em>καθ’</em></strong></span> <span class='ocrx_word' id='word_1_113' title='bbox 1780 2123 1991 2205; x_wconf 76' lang='grc' dir='ltr'><strong><em>ὕδωρ·</em></strong></span> 
     </span>
     <span class='ocr_line' id='line_1_19' title="bbox 161 2224 2174 2314; baseline -0.001 -17"><span class='ocrx_word' id='word_1_114' title='bbox 161 2227 257 2310; x_wconf 74' lang='grc' dir='ltr'><strong><em>ὥς</em></strong></span> <span class='ocrx_word' id='word_1_115' title='bbox 302 2224 418 2295; x_wconf 81' lang='grc' dir='ltr'><strong><em>ὑπ’</em></strong></span> <span class='ocrx_word' id='word_1_116' title='bbox 463 2226 798 2314; x_wconf 82' lang='grc' dir='ltr'><strong><em>Ἀχιλλῆος</em></strong></span> <span class='ocrx_word' id='word_1_117' title='bbox 841 2230 1117 2303; x_wconf 79' lang='grc' dir='ltr'><strong><em>Ξάνθου</em></strong></span> <span class='ocrx_word' id='word_1_118' title='bbox 1161 2229 1689 2313; x_wconf 83' lang='grc' dir='ltr'><strong><em>βαθυδινήεντος</em></strong></span> <span class='ocrx_word' id='word_1_119' title='bbox 2110 2247 2174 2295; x_wconf 79' lang='lat'><strong><em>15</em></strong></span> 
     </span>
     <span class='ocr_line' id='line_1_20' title="bbox 160 2332 2036 2423; baseline -0.001 -20"><span class='ocrx_word' id='word_1_120' title='bbox 160 2343 376 2423; x_wconf 84' lang='grc' dir='ltr'><strong><em>πλῆτο</em></strong></span> <span class='ocrx_word' id='word_1_121' title='bbox 423 2335 579 2421; x_wconf 88' lang='grc' dir='ltr'><strong><em>ῥόος</em></strong></span> <span class='ocrx_word' id='word_1_122' title='bbox 619 2335 915 2400; x_wconf 77' lang='grc' dir='ltr'><strong><em>κελάδων</em></strong></span> <span class='ocrx_word' id='word_1_123' title='bbox 961 2332 1175 2419; x_wconf 79' lang='grc' dir='ltr'><strong><em>ἐπιμὶξ</em></strong></span> <span class='ocrx_word' id='word_1_124' title='bbox 1221 2335 1439 2399; x_wconf 77' lang='grc' dir='ltr'><strong><em>ἵππων</em></strong></span> <span class='ocrx_word' id='word_1_125' title='bbox 1483 2356 1555 2399; x_wconf 92' lang='grc' dir='ltr'><strong><em>τε</em></strong></span> <span class='ocrx_word' id='word_1_126' title='bbox 1597 2332 1705 2399; x_wconf 87' lang='grc' dir='ltr'><strong><em>καὶ</em></strong></span> <span class='ocrx_word' id='word_1_127' title='bbox 1752 2334 2036 2421; x_wconf 85' lang='grc' dir='ltr'><strong><em>ἀνδρῶν.</em></strong></span> 
     </span>
     <span class='ocr_line' id='line_1_21' title="bbox 255 2436 2126 2528; baseline -0.001 -19"><span class='ocrx_word' id='word_1_128' title='bbox 255 2442 471 2528; x_wconf 80' lang='grc' dir='ltr'><strong><em>αὐτὰρ</em></strong></span> <span class='ocrx_word' id='word_1_129' title='bbox 517 2441 551 2507; x_wconf 89' lang='grc' dir='ltr'>ὁ</span> <span class='ocrx_word' id='word_1_130' title='bbox 600 2441 903 2523; x_wconf 87' lang='grc' dir='ltr'><strong><em>διογενὴς</em></strong></span> <span class='ocrx_word' id='word_1_131' title='bbox 947 2440 1113 2526; x_wconf 89' lang='grc' dir='ltr'><strong><em>δόρυ</em></strong></span> <span class='ocrx_word' id='word_1_132' title='bbox 1158 2436 1279 2525; x_wconf 66' lang='grc' dir='ltr'><strong><em>μὲν</em></strong></span> <span class='ocrx_word' id='word_1_133' title='bbox 1324 2441 1514 2504; x_wconf 84' lang='grc' dir='ltr'><strong><em>λίπεν</em></strong></span> <span class='ocrx_word' id='word_1_134' title='bbox 1560 2440 1766 2506; x_wconf 84' lang='grc' dir='ltr'><strong><em>αὐτοῦ</em></strong></span> <span class='ocrx_word' id='word_1_135' title='bbox 1811 2439 1909 2506; x_wconf 84' lang='grc' dir='ltr'><strong><em>ἐπ’</em></strong></span> <span class='ocrx_word' id='word_1_136' title='bbox 1954 2443 2126 2528; x_wconf 81' lang='grc' dir='ltr'><strong><em>ὄχθῃ</em></strong></span> 
     </span>
     <span class='ocr_line' id='line_1_22' title="bbox 161 2542 1964 2633; baseline -0.002 -17"><span class='ocrx_word' id='word_1_137' title='bbox 161 2546 554 2633; x_wconf 84' lang='grc' dir='ltr'><strong><em>κεκλιμένον</em></strong></span> <span class='ocrx_word' id='word_1_138' title='bbox 599 2547 980 2632; x_wconf 80' lang='grc' dir='ltr'><strong><em>μυρίκῃσιν,</em></strong></span> <span class='ocrx_word' id='word_1_139' title='bbox 1027 2546 1064 2611; x_wconf 85' lang='grc' dir='ltr'>ὁ</span> <span class='ocrx_word' id='word_1_140' title='bbox 1113 2544 1173 2611; x_wconf 90' lang='grc' dir='ltr'><strong><em>δ’</em></strong></span> <span class='ocrx_word' id='word_1_141' title='bbox 1217 2548 1460 2632; x_wconf 77' lang='grc' dir='ltr'><strong><em>ἔσθορε</em></strong></span> <span class='ocrx_word' id='word_1_142' title='bbox 1509 2547 1776 2631; x_wconf 89' lang='grc' dir='ltr'><strong><em>δαίμονι</em></strong></span> <span class='ocrx_word' id='word_1_143' title='bbox 1822 2542 1964 2625; x_wconf 85' lang='grc' dir='ltr'><strong><em>ἶσος</em></strong></span> 
     </span>
     <span class='ocr_line' id='line_1_23' title="bbox 162 2647 2054 2740; baseline 0 -20"><span class='ocrx_word' id='word_1_144' title='bbox 162 2656 522 2740; x_wconf 85' lang='grc' dir='ltr'><strong><em>φάσγανον</em></strong></span> <span class='ocrx_word' id='word_1_145' title='bbox 566 2647 713 2718; x_wconf 85' lang='grc' dir='ltr'><strong><em>οἷον</em></strong></span> <span class='ocrx_word' id='word_1_146' title='bbox 758 2654 955 2736; x_wconf 79' lang='grc' dir='ltr'><strong><em>ἔχων,</em></strong></span> <span class='ocrx_word' id='word_1_147' title='bbox 1001 2653 1166 2717; x_wconf 80' lang='grc' dir='ltr'><strong><em>κακὰ</em></strong></span> <span class='ocrx_word' id='word_1_148' title='bbox 1211 2648 1287 2717; x_wconf 72' lang='grc' dir='ltr'><strong><em>δὲ</em></strong></span> <span class='ocrx_word' id='word_1_149' title='bbox 1333 2650 1531 2738; x_wconf 87' lang='grc' dir='ltr'><strong><em>φρεσὶ</em></strong></span> <span class='ocrx_word' id='word_1_150' title='bbox 1576 2653 1818 2737; x_wconf 85' lang='grc' dir='ltr'><strong><em>μήδετο</em></strong></span> <span class='ocrx_word' id='word_1_151' title='bbox 1864 2656 2054 2739; x_wconf 82' lang='grc' dir='ltr'><strong><em>ἔργα,</em></strong></span> 
     </span>
     <span class='ocr_line' id='line_1_24' title="bbox 161 2754 2175 2844; baseline -0.001 -17"><span class='ocrx_word' id='word_1_152' title='bbox 161 2763 368 2827; x_wconf 83' lang='grc' dir='ltr'><strong><em>τύπτε</em></strong></span> <span class='ocrx_word' id='word_1_153' title='bbox 414 2758 475 2826; x_wconf 85' lang='grc' dir='ltr'><strong><em>δ’</em></strong></span> <span class='ocrx_word' id='word_1_154' title='bbox 519 2759 1037 2844; x_wconf 88' lang='grc' dir='ltr'><strong><em>ἐπιστροφάδην·</em></strong></span> <span class='ocrx_word' id='word_1_155' title='bbox 1089 2767 1222 2822; x_wconf 81' lang='grc' dir='ltr'><strong><em>τῶν</em></strong></span> <span class='ocrx_word' id='word_1_156' title='bbox 1271 2756 1344 2824; x_wconf 72' lang='grc' dir='ltr'><strong><em>δὲ</em></strong></span> <span class='ocrx_word' id='word_1_157' title='bbox 1389 2761 1624 2837; x_wconf 86' lang='grc' dir='ltr'><strong><em>στόνος</em></strong></span> <span class='ocrx_word' id='word_1_158' title='bbox 1668 2754 1908 2844; x_wconf 76' lang='grc' dir='ltr'><strong><em>ὤρνυτ’</em></strong></span> <span class='ocrx_word' id='word_1_159' title='bbox 1956 2759 2175 2844; x_wconf 84' lang='grc' dir='ltr'><strong><em>ἀεικὴς</em></strong></span> 
     </span>
     <span class='ocr_line' id='line_1_25' title="bbox 164 2861 2169 2953; baseline 0 -21"><span class='ocrx_word' id='word_1_160' title='bbox 164 2868 323 2953; x_wconf 76' lang='grc' dir='ltr'><strong><em>ἄορι</em></strong></span> <span class='ocrx_word' id='word_1_161' title='bbox 365 2864 811 2950; x_wconf 84' lang='grc' dir='ltr'><strong><em>θεινομένων,</em></strong></span> <span class='ocrx_word' id='word_1_162' title='bbox 858 2862 1247 2949; x_wconf 88' lang='grc' dir='ltr'><strong><em>ἐρυθαίνετο</em></strong></span> <span class='ocrx_word' id='word_1_163' title='bbox 1297 2861 1358 2928; x_wconf 85' lang='grc' dir='ltr'><strong><em>δ’</em></strong></span> <span class='ocrx_word' id='word_1_164' title='bbox 1403 2865 1627 2948; x_wconf 82' lang='grc' dir='ltr'><strong><em>αἵματι</em></strong></span> <span class='ocrx_word' id='word_1_165' title='bbox 1671 2865 1876 2949; x_wconf 77' lang='grc' dir='ltr'><strong><em>ὕδωρ.</em></strong></span> <span class='ocrx_word' id='word_1_166' title='bbox 2106 2883 2169 2932; x_wconf 81' lang='lat'><strong><em>21</em></strong></span> 
     </span>
     <span class='ocr_line' id='line_1_26' title="bbox 162 2970 1843 3055; baseline -0.001 -17"><span class='ocrx_word' id='word_1_167' title='bbox 162 2973 257 3050; x_wconf 83' lang='grc' dir='ltr'><strong><em>ὡς</em></strong></span> <span class='ocrx_word' id='word_1_168' title='bbox 304 2970 366 3037; x_wconf 79' lang='grc' dir='ltr'><strong><em>δ’</em></strong></span> <span class='ocrx_word' id='word_1_169' title='bbox 408 2971 537 3037; x_wconf 81' lang='grc' dir='ltr'><strong><em>ὑπὸ</em></strong></span> <span class='ocrx_word' id='word_1_170' title='bbox 584 2972 897 3055; x_wconf 79' lang='grc' dir='ltr'><strong><em>δελφῖνος</em></strong></span> <span class='ocrx_word' id='word_1_171' title='bbox 941 2971 1334 3054; x_wconf 86' lang='grc' dir='ltr'><strong><em>μεγακήτεος</em></strong></span> <span class='ocrx_word' id='word_1_172' title='bbox 1381 2971 1610 3055; x_wconf 77' lang='grc' dir='ltr'><strong><em>ἰχθύες</em></strong></span> <span class='ocrx_word' id='word_1_173' title='bbox 1654 2971 1843 3036; x_wconf 81' lang='grc' dir='ltr'><strong><em>ἄλλοι</em></strong></span> 
     </span>
     <span class='ocr_line' id='line_1_27' title="bbox 163 3074 1853 3169; baseline -0.002 -25"><span class='ocrx_word' id='word_1_174' title='bbox 163 3079 528 3169; x_wconf 78' lang='grc' dir='ltr'><strong><em>φεύγοντες</em></strong></span> <span class='ocrx_word' id='word_1_175' title='bbox 567 3082 887 3161; x_wconf 85' lang='grc' dir='ltr'><strong><em>πιμπλᾶσι</em></strong></span> <span class='ocrx_word' id='word_1_176' title='bbox 933 3078 1183 3160; x_wconf 88' lang='grc' dir='ltr'><strong><em>μυχοὺς</em></strong></span> <span class='ocrx_word' id='word_1_177' title='bbox 1227 3074 1492 3160; x_wconf 88' lang='grc' dir='ltr'><strong><em>λιμένος</em></strong></span> <span class='ocrx_word' id='word_1_178' title='bbox 1535 3075 1853 3162; x_wconf 91' lang='grc' dir='ltr'><strong><em>ἐυόρμου,</em></strong></span> 
     </span>
     <span class='ocr_line' id='line_1_28' title="bbox 167 3182 2021 3269; baseline -0.001 -19"><span class='ocrx_word' id='word_1_179' title='bbox 167 3184 510 3262; x_wconf 89' lang='grc' dir='ltr'><strong><em>δειδιότες·</em></strong></span> <span class='ocrx_word' id='word_1_180' title='bbox 556 3184 728 3268; x_wconf 88' lang='grc' dir='ltr'><strong><em>μάλα</em></strong></span> <span class='ocrx_word' id='word_1_181' title='bbox 771 3183 896 3269; x_wconf 86' lang='grc' dir='ltr'><strong><em>γάρ</em></strong></span> <span class='ocrx_word' id='word_1_182' title='bbox 941 3205 1011 3246; x_wconf 91' lang='grc' dir='ltr'><strong><em>τε</em></strong></span> <span class='ocrx_word' id='word_1_183' title='bbox 1054 3184 1418 3265; x_wconf 87' lang='grc' dir='ltr'><strong><em>κατεσθίει,</em></strong></span> <span class='ocrx_word' id='word_1_184' title='bbox 1468 3182 1547 3248; x_wconf 84' lang='grc' dir='ltr'><strong><em>ὅν</em></strong></span> <span class='ocrx_word' id='word_1_185' title='bbox 1589 3205 1662 3247; x_wconf 92' lang='grc' dir='ltr'><strong><em>κε</em></strong></span> <span class='ocrx_word' id='word_1_186' title='bbox 1710 3182 2021 3268; x_wconf 81' lang='grc' dir='ltr'><strong><em>λάβῃσιν·</em></strong></span> 
     </span>
     <span class='ocr_line' id='line_1_29' title="bbox 166 3286 2170 3376; baseline -0.001 -18"><span class='ocrx_word' id='word_1_187' title='bbox 166 3286 257 3366; x_wconf 77' lang='grc' dir='ltr'><strong><em>ὦς</em></strong></span> <span class='ocrx_word' id='word_1_188' title='bbox 307 3294 525 3376; x_wconf 83' lang='grc' dir='ltr'><strong><em>Τρῶες</em></strong></span> <span class='ocrx_word' id='word_1_189' title='bbox 566 3298 884 3373; x_wconf 86' lang='grc' dir='ltr'><strong><em>ποταμοῖο</em></strong></span> <span class='ocrx_word' id='word_1_190' title='bbox 930 3289 1093 3353; x_wconf 76' lang='grc' dir='ltr'><strong><em>κατὰ</em></strong></span> <span class='ocrx_word' id='word_1_191' title='bbox 1137 3289 1389 3354; x_wconf 85' lang='grc' dir='ltr'><strong><em>δεινοῖο</em></strong></span> <span class='ocrx_word' id='word_1_192' title='bbox 1434 3287 1679 3375; x_wconf 84' lang='grc' dir='ltr'><strong><em>ῥέεθρα</em></strong></span> <span class='ocrx_word' id='word_1_193' title='bbox 2102 3306 2170 3355; x_wconf 75' lang='lat'><strong><em>25</em></strong></span> 
     </span>
     <span class='ocr_line' id='line_1_30' title="bbox 165 3391 2168 3480; baseline -0.002 -18"><span class='ocrx_word' id='word_1_194' title='bbox 165 3406 470 3462; x_wconf 79' lang='grc' dir='ltr'><strong><em>πτῶσσον</em></strong></span> <span class='ocrx_word' id='word_1_195' title='bbox 497 3394 625 3461; x_wconf 82' lang='grc' dir='ltr'><strong><em>ὑπὸ</em></strong></span> <span class='ocrx_word' id='word_1_196' title='bbox 655 3396 1004 3480; x_wconf 88' lang='grc' dir='ltr'><strong><em>κρημνούς.</em></strong></span> <span class='ocrx_word' id='word_1_197' title='bbox 1078 3392 1115 3459; x_wconf 83' lang='grc' dir='ltr'>ὁ</span> <span class='ocrx_word' id='word_1_198' title='bbox 1146 3391 1207 3459; x_wconf 87' lang='grc' dir='ltr'><strong><em>δ’</em></strong></span> <span class='ocrx_word' id='word_1_199' title='bbox 1242 3392 1382 3460; x_wconf 85' lang='grc' dir='ltr'><strong><em>ἐπεὶ</em></strong></span> <span class='ocrx_word' id='word_1_200' title='bbox 1417 3394 1580 3478; x_wconf 86' lang='grc' dir='ltr'><strong><em>κάμε</em></strong></span> <span class='ocrx_word' id='word_1_201' title='bbox 1608 3404 1829 3480; x_wconf 81' lang='grc' dir='ltr'><strong><em>χεῖρας</em></strong></span> <span class='ocrx_word' id='word_1_202' title='bbox 1856 3393 2168 3479; x_wconf 89' lang='grc' dir='ltr'><strong><em>ἐναίρων,</em></strong></span> 
     </span>
     <span class='ocr_line' id='line_1_31' title="bbox 171 3499 1802 3583; baseline -0.004 -14"><span class='ocrx_word' id='word_1_203' title='bbox 171 3504 371 3582; x_wconf 77' lang='grc' dir='ltr'><strong><em>ζωοὺς</em></strong></span> <span class='ocrx_word' id='word_1_204' title='bbox 413 3500 486 3568; x_wconf 86' lang='grc' dir='ltr'><strong><em>ἐκ</em></strong></span> <span class='ocrx_word' id='word_1_205' title='bbox 528 3510 848 3583; x_wconf 81' lang='grc' dir='ltr'><strong><em>ποταμοῖο</em></strong></span> <span class='ocrx_word' id='word_1_206' title='bbox 897 3500 1196 3565; x_wconf 83' lang='grc' dir='ltr'><strong><em>δυώδεκα</em></strong></span> <span class='ocrx_word' id='word_1_207' title='bbox 1241 3499 1470 3578; x_wconf 78' lang='grc' dir='ltr'><strong><em>λέξατο</em></strong></span> <span class='ocrx_word' id='word_1_208' title='bbox 1514 3502 1802 3577; x_wconf 85' lang='grc' dir='ltr'><strong><em>κούρους</em></strong></span> 
     </span>
    </p>
   </div>
  </div>
 </body>
</html>
