2525 3884
161 164 168 171 ’
321 189 448 256 118
1113 192 1412 245 muoz
1449 192 1509 245 Ρ.

315 335 698 417 γιγνώσκεις
743 330 816 399 δὲ
850 331 960 399 καὶ
996 334 1221 418 αὐτός,
1269 334 1306 399 ὅ
1341 329 1398 399 τ’
1443 331 1660 399 οὐκέτι
1695 333 1933 418 κάρτος
1970 329 2338 416 Ἀχαιῶν.“

402 434 492 517 ὧς
536 437 719 524 ἔφατ’
738 488 758 523 ,
810 436 1177 526 Ἰδομενεὺς
1221 436 1283 507 δ’
1336 440 1569 525 ἵμασεν
1617 442 2033 525 καλλίτριχας
2076 438 2338 515 ἵππους

312 553 476 629 νῆας
521 548 627 612 ἔπι
668 546 1038 632 γλαφυράς·
1084 548 1167 631 δὴ
1210 547 1340 632 γάρ
1387 543 1537 622 δέος
1583 548 1817 630 ἔμπεσε
1860 552 2078 634 θυμῷ.
2214 561 2335 611 625

402 646 550 717 οὐδ’
592 645 781 724 ἔλαθ’
821 657 1079 718 Αἴαντα
1123 654 1536 737 μεγαλήτορα
1579 648 1690 717 καὶ
1734 649 2085 717 Μενέλαον

315 758 510 842 Ζεύς,
557 759 665 826 ὅτε
713 759 796 843 δὴ
850 755 1144 844 Τρώεσσι
1162 760 1169 765 ’
1190 759 1385 825 δίδου
1432 755 1777 843 ἑτεραλκέα
1818 760 2031 841 νίκην.

309 874 485 929 τοῖσι
532 861 605 929 δὲ
649 866 888 950 μύθων
926 859 1090 949 ,ἦρχε
1134 861 1337 948 μέγας
1388 863 1802 947 Τελαμώνιος
1846 867 2040 941 Αἴας·
2117 928 2122 931 Α

311 969 411 1053 „cb
454 972 687 1052 πόποι,
731 970 861 1054 ἤδη
906 967 1028 1054 μέν
1069 992 1173 1052 κε,
1219 966 1331 1035 καὶ
1375 967 1449 1045 ὃς
1493 968 1667 1053 μάλα
1707 969 1943 1053 νήπιός
1987 966 2199 1052 ἐστιν,

309 1076 535 1158 γνοίη,
582 1076 683 1141 ὅτι
733 1075 1027 1162 Τρώεσσι
1068 1075 1281 1160 πατὴρ
1328 1076 1497 1150 Ζεὺς
1542 1073 1739 1150 αὐτὸς
1783 1072 2029 1159 ἀρήγει.
2208 1089 2326 1140 630

310 1189 444 1246 τῶν
488 1176 612 1266 μὲν
653 1180 780 1266 γὰρ
825 1180 1094 1246 πάντων
1137 1176 1314 1265 βέλε’4
1361 1179 1656 1262 ἅπτεται,
1702 1179 1776 1256 ὃς
1819 1201 1920 1256 τις
1963 1178 2196 1263 ἀφείη,

309 1285 352 1370 ἣ
396 1288 593 1366 κακὸς
633 1285 676 1370 ἣ
722 1286 1001 1370 ἀγαθός·
1048 1288 1217 1363 Ζεὺς
1261 1279 1328 1350 δ’
1369 1289 1574 1372 ἔμπης
1616 1282 1807 1351 πάντ’
1860 1286 2108 1351 ὐθύνει·

310 1390 470 1476 ἡμῖν
515 1387 580 1458 δ’
624 1392 840 1471 αὔτως
882 1401 1085 1458 πᾶσιν
1130 1391 1366 1458 ἐτώσια
1409 1394 1629 1457 πίπτει
1673 1394 1875 1478 ἔραζε.

311 1492 455 1563 ἀλλ’
505 1496 708 1583 ἄγετ’,
753 1498 950 1564 αὐτοί
988 1518 1110 1584 περ
1157 1499 1559 1584 φραζώμεθα
1605 1506 1801 1581 μῆτιν
1847 1496 2151 1583 ἀρίστην,

309 1600 475 1693 ἠμὲν
519 1605 693 1681 ὅπως
736 1605 854 1670 τὸν
898 1604 1138 1689 νεκρὸν
1183 1603 1581 1688 ἐρύσσομεν,
1626 1600 1746 1687 ἠδὲ
1789 1601 1900 1670 καὶ
1944 1601 2135 1668 αὐτοὶ
2206 1619 2318 1670 635

311 1709 527 1796 χάρμα
570 1713 793 1794 φίλοις
836 1708 1127 1794 ἑτάροισι
1168 1710 1519 1794 γενώμεθα
1562 1713 2028 1794 νοστήσαντες,

312 1815 383 1881 οἵ
418 1836 551 1881 που
597 1812 778 1901 δεῦρ’
824 1815 1146 1899 ὁρόωντες
1189 1810 1559 1900 ἀκηχέδατ’,
1606 1814 1753 1882 οὐδ’
1796 1819 1890 1884 ἔτι
1937 1813 2143 1901 φασὶν

296 1919 606 2010 Ἕκτορος
649 1921 1100 2007 ἀνδροφόνοιο
1145 1918 1343 2005 μένος
1385 1919 1496 1987 καὶ
1539 1933 1759 2009 χεῖρας
1805 1923 2092 2001 ἀάπτους

310 2023 652 2112 σχήσεσθ’,
699 2021 841 2093 ἀλλ’
883 2026 958 2093 ἐν
999 2024 1200 2111 νηυσὶ
1244 2030 1632 2114 μελαίνῃσιν
1670 2026 2044 2096 πεσέεσθαι.

309 2139 409 2218 εἴη
458 2129 550 2218 δ’,
594 2134 667 2210 ὅς
708 2157 807 2210 τις
853 2131 1110 2217 ἑταῖρος
1153 2131 1564 2216 ἀπαγγείλειε
1606 2134 1877 2217 τάχιστα
2205 2149 2312 2200 640

309 2239 638 2324 Πηλεΐδῃ,
684 2236 823 2303 ἐπεὶ
867 2238 951 2303 οὔ
994 2261 1109 2322 μιν
1156 2237 1379 2322 ὀίομαι
1424 2234 1584 2304 οὐδὲ
1626 2240 1963 2304 πεπύσθαι

308 2350 555 2430 λυγρῆς
597 2343 929 2427 ἀγγελίης,
975 2344 1077 2408 ὅτι
1121 2344 1193 2409 οἰ
1232 2345 1426 2427 φίλος
1470 2339 1670 2408 ὤλεθ’
1721 2342 1992 2430 ἑταῖρος.

310 2446 451 2515 ἀλλ’
502 2448 586 2515 οὔ
627 2470 718 2534 πῃ
765 2450 1052 2534 δύναμαι
1098 2448 1302 2515 ἰδέειν
1345 2458 1651 2515 τοιοῦτον
1687 2443 1991 2535 Ἀχαιῶν·

314 2553 454 2641 ἠέρι
496 2556 623 2642 γὰρ
666 2554 1050 2639 κατέχονται
1095 2555 1271 2641 ὁμῶς
1316 2555 1513 2622 αὐτοί
1549 2578 1619 2622 τε
1662 2552 1773 2621 καὶ
1818 2556 2022 2619 ἵπποι.

308 2664 440 2727 Ζεῦ
473 2660 706 2746 πάτερ,
752 2658 916 2725 ἀλλὰ
951 2663 1036 2727 σὺ
1072 2660 1272 2747 ῥῦσαι
1307 2659 1418 2727 ὑπ’
1451 2661 1645 2747 ἠέρος
1678 2652 1829 2738 υἷας
1866 2656 2172 2746 Ἀχαιῶν,
2203 2675 2305 2726 645

306 2770 591 2851 ποίησον
638 2763 699 2831 δ’
743 2770 1023 2851 αὔθρην,
1074 2767 1191 2844 δὸς
1236 2764 1298 2830 δ’
1341 2767 1795 2852 ὀφθαλμοῖσιν
1841 2765 2130 2833 ἰδέσθαι·

308 2871 382 2938 ἐν
427 2869 502 2939 δὲ
538 2873 714 2957 φάει·
736 2868 848 2938 καὶ
892 2873 1199 2956 ὄλεσσον,
1246 2871 1393 2939 ἐπεί
1429 2874 1515 2939 νύ
1557 2895 1663 2938 τοι
1707 2873 1946 2939 εὔαδεν
1991 2872 2263 2950 οὕτως.“

396 2972 484 3055 ὧς
528 2979 728 3063 φάτο,
773 2979 891 3044 τὸν
938 2973 1013 3044 δὲ
1054 2980 1268 3064 πατὴρ
1312 2979 1689 3064 ὀλοφύρατο
1737 2979 1947 3065 δάκρυ
1991 2977 2254 3062 χέοντα·

171 3068 175 3072 ’
309 3083 540 3150 αὐτίκα
586 3078 647 3149 δ’
686 3081 848 3169 ἠέρα
892 3080 1013 3167 μὲν
1060 3082 1379 3150 σκέδασεν
1422 3083 1533 3151 καὶ
1578 3084 1841 3150 ἀπῶσεν
1887 3082 2193 3170 ὀμίχλην,

306 3187 527 3272 ἠέλιος
571 3185 632 3253 δ’
675 3188 999 3274 ἐπέλαμψε
1009 3238 1030 3273 ,
1076 3188 1245 3275 μάχη
1295 3185 1356 3254 δ’
1399 3188 1505 3256 ἐπὶ
1546 3199 1724 3256 πᾶσα
1769 3190 2065 3276 φαάνθη.
2201 3208 2305 3259 650

306 3292 417 3361 καὶ
458 3291 593 3361 τότ’
636 3290 741 3381 ἄρ’
782 3302 952 3373 Αἴας
996 3291 1133 3363 εἷπε
1178 3297 1347 3381 βοὴν
1393 3296 1652 3379 ἀγαθὸν
1698 3295 2076 3363 Μενέλαον·

306 3399 624 3486 »σκέπτεο
669 3410 827 3485 νῦν,
873 3400 1176 3469 Μενέλαε
1224 3402 1607 3488 διοτρεφές,
1644 3409 1721 3488 αι’
1756 3427 1872 3470 κεν
1916 3407 2101 3490 ἴδηαι

311 3509 477 3588 ζωὸν
524 3506 612 3575 ἔτ’
657 3505 1044 3595 Ἀντίλοχον.
1081 3509 1471 3595 μεγαθύμου
1517 3508 1855 3600 Νέστορος
1897 3512 2078 3597 υἱόν,
