2525 3884
289 163 377 227 94
1078 167 1379 219 ΙΑῙΑΔΟΣ
1415 167 1486 222 Π.

378 302 467 384 ὥς
513 309 716 374 εἰπὼν
763 306 869 374 ἐπὶ
912 311 1246 395 Κεβριόνῃ
1293 310 1462 394 ἥρωι
1507 309 1812 392 βεβήκειν

289 406 443 496 οἶμα
488 411 754 491 λέοντος
799 417 996 499 ἔχων,
1043 416 1117 492 ὅς
1159 437 1230 479 τε
1277 416 1618 499 σταθμοὺς
1661 400 1979 500 κεραΐζων

288 520 521 601 ἔβλητο
565 522 731 605 πρὸς
775 527 1056 605 στῆθος,
1104 519 1177 603 έή
1222 519 1299 585 τέ
1338 545 1453 605 μιν
1501 522 1745 585 ὤλεσεν
1787 519 1978 602 ἀλκή·

289 618 378 700 ὧς
422 622 528 689 ἐπὶ
571 628 938 719 Κεβριόνῃ,
985 629 1420 711 Πατρόκλεις,
1468 620 1631 692 ἆλσο
1677 626 1956 710 μεμαώς.

278 724 526 817 Ἕκτωρ
573 729 640 796 δ’
684 727 843 798 αὖθ’
885 730 1212 818 ἑτέρωθεν
1258 729 1375 815 ἀφ’
1419 732 1638 797 ἵππων
1685 726 1842 797 ἀλτο
1887 734 2146 816 χαμᾶζε.
2196 745 2295 797 ’155

288 837 380 900 τὼ
423 835 575 922 περὶ
619 840 993 922 Κεβριόναο
1039 832 1269 904 λέονθ’
1313 838 1401 915 ὣς
1446 840 1889 923 δηρινθήτην,
2477 812 2483 899 ,ἶ

290 942 342 1006 ὥ
387 940 444 1006 τ’
488 945 678 1029 ὄρεος
719 952 1055 1029 κορυφῇσι
1097 941 1249 1029 περὶ
1292 943 1617 1028 κταμένης
1662 943 1964 1028 ἐλάφοιο,

290 1048 485 1132 ἄμφω
532 1049 907 1132 πεινάοντε,
954 1048 1120 1134 μέγα
1166 1048 1532 1136 φρονέοντε
1577 1050 1942 1134 μάχεσθον·
2477 1008 2485 1119 ἱ

291 1149 381 1230 ὧς
423 1152 577 1241 περὶ
620 1158 1010 1242 Κεβριόναο
1040 1153 1183 1221 δύω
1230 1159 1565 1242 μήστωρες
1610 1155 1839 1239 ἀυτῆς,

290 1260 675 1344 Πάτροκλός
716 1284 786 1326 τε
831 1262 1280 1346 Μενοιτιάδης
1322 1260 1431 1327 καὶ
1477 1263 1791 1347 φαίδιμος
1820 1258 2102 1347 Ἕκτωρ,
2195 1277 2295 1326 760
2367 1262 2382 1341 s

289 1363 449 1432 ἵεντ’
494 1366 796 1452 ἀλλήλων
839 1366 1104 1452 ταμέειν
1147 1370 1314 1453 χρόα
1357 1366 1546 1451 νηλέι
1589 1373 1824 1454 χαλκῷ.

282 1462 526 1560 Ἕκτωρ
572 1471 693 1558 μὲν
737 1479 1113 1558 κεφαλῆφιν
1160 1472 1299 1540 ἐπεὶ
1345 1475 1576 1556 λάβεν,
1623 1472 1772 1558 οὐχὶ
1816 1477 2061 1556 μεθίει·

294 1578 679 1663 Πάτροκλος
724 1576 785 1644 δ’
830 1577 1157 1664 ἑτέρωθεν
1201 1582 1349 1665 ἔχεν
1392 1581 1625 1656 ποδός·
1672 1580 1743 1645 οἱ
1782 1575 1858 1644 δὲ
1903 1580 1986 1662 δὴ
2033 1580 2218 1644 ἄλλοι

298 1689 516 1769 Τρῶες
559 1682 669 1748 καὶ
713 1681 977 1748 Δαναοὶ
1022 1683 1317 1768 σύναγον
1359 1686 1685 1771 κρατερὴν
1730 1684 2034 1769 ὑσμίνην.

292 1790 382 1866 ὡς
427 1784 488 1855 δ’
528 1785 749 1875 Εὖρός
791 1812 861 1854 τε
906 1791 1127 1866 Νότος
1169 1791 1237 1853 τ’
1277 1791 1686 1877 ἐριδαίνετον
1732 1790 2071 1873 ἀλλήλοιιν
2188 1806 2298 1855 ‘165

293 1896 526 1981 οὔρεος
570 1896 644 1962 έν
688 1898 939 1981 βήσσῃς
983 1893 1242 1980 βαθέην
1287 1893 1703 1983 πελεμιζέμεν
1747 1896 1946 1980 ὕλην,

293 2004 513 2087 φηγόν
557 2024 628 2066 τε
672 2005 905 2087 μελίην
948 2025 1018 2067 τε
1061 2004 1473 2097 τανύφλοιόν
1517 2025 1587 2067 τε
1631 2003 1975 2089 κράνειαν,

294 2108 369 2172 αἵ
405 2131 476 2173 τε
518 2109 683 2190 πρὸς
727 2107 1010 2191 ἀλλήλας
1054 2110 1296 2191 ἔβαλον
1340 2110 1705 2191 τανυήκεας
1749 2110 1937 2186 ὄζους

290 2213 415 2298 ἠχῇ
459 2217 778 2299 θεσπεσίῃ
794 2262 814 2297 ,
859 2213 1148 2298 πάταγος
1193 2212 1276 2280 δέ
1312 2237 1383 2280 τε
1427 2213 1891 2299 ἀγνυμενάων,

293 2314 382 2395 ὥς
432 2324 650 2405 Τρῶες
692 2316 802 2383 καὶ
840 2316 1085 2404 Ἀχαιοὶ
1130 2315 1230 2386 ἐπ’
1273 2320 1614 2404 ἀλλήλοισι
1657 2322 1977 2404 θορόντες
2192 2336 2296 2387 ‘170

294 2422 536 2511 δῄουν,
583 2419 729 2488 οὐδ’
771 2423 981 2510 ἕτεροι
1026 2424 1312 2510 μνώοντ’
1356 2426 1580 2492 ὀλοοῖο
1625 2428 1886 2512 φόβοιο.

290 2532 502 2596 πολλὰ
547 2526 623 2595 δὲ
665 2532 1041 2614 Κεβριόνην
1087 2530 1249 2617 ἀμφ’
1296 2531 1448 2611 ὀξέα
1494 2534 1706 2615 δοῦρα
1749 2533 2061 2614 πεπήγειν

295 2638 391 2700 ίοί
427 2658 498 2700 τε
540 2637 921 2721 πτερόεντες
965 2636 1092 2702 ἀπὸ
1137 2646 1425 2723 νευρῆφι
1468 2640 1821 2722 θορόντες,

292 2742 504 2806 πολλά
549 2737 626 2806 δὲ
668 2742 987 2827 χερμάδια
1032 2739 1259 2827 μεγάλ’
1304 2742 1582 2820 ἀσπίδας
1627 2741 2057 2827 ἐστυφέλιξαν
2397 2816 2404 2819 .

293 2844 730 2933 μαρναμένων
783 2844 947 2931 ἀμφ’
991 2848 1219 2913 αὐτόν·
1277 2848 1314 2914 ὁ
1353 2842 1415 2912 δ’
1456 2848 1531 2913 έν
1585 2848 2019 2932 στροφάλιγγι
2070 2850 2297 2931 κονίης

293 2964 467 3018 κεῖτο
513 2950 714 3037 μέγας
757 2957 1151 3037 μεγαλωστί,
1199 2952 1596 3038 λελασμένος
1644 2954 2086 3020 ἱπποσυνάων.
2193 2972 2295 3021 ‘176
2487 2926 2492 2991 ἕ

382 3060 559 3144 ὄφρα
604 3054 725 3143 μὲν
769 3056 987 3142 ἠέλιος
1031 3058 1237 3144 μέσον
1284 3061 1577 3146 οὐρανὸν
1623 3059 2128 3144 ἀμφιβεβήκειν,
2487 3110 2492 3159 A

292 3172 509 3248 τόφρα
553 3159 705 3249 μάλ’
745 3163 1138 3252 ἀμφοτέρων
1182 3162 1355 3250 βέλε’
1397 3167 1664 3250 ἥπτετο,
1709 3177 1901 3232 πῖπτε
1947 3163 2020 3231 δὲ
2065 3168 2245 3243 λαός·
2489 3190 2492 3203 ¹

293 3265 464 3354 ἦμος
510 3267 570 3335 δ’
613 3269 830 3353 ήέλιος
873 3274 1287 3356 μετενίσσετο
1332 3273 1771 3356 βουλυτόνδε,

294 3374 403 3441 καὶ
445 3378 593 3441 τότε
639 3377 723 3458 δή
767 3369 831 3462 ῥ’
872 3372 1038 3462 ὑπὲρ
1085 3370 1281 3442 αἶσαν
1321 3373 1568 3461 Ἀχαιοὶ
1614 3375 1922 3464 φέρτεροι
1966 3372 2154 3461 ἦσαν.
2193 3391 2293 3444 780

296 3481 366 3548 ἐκ
413 3477 533 3568 μὲν
578 3483 956 3568 Κεβριόνην
1001 3479 1250 3566 βελέων
1294 3483 1479 3569 ήρωα
1525 3485 1815 3566 ἔρυσσαν
