2525 3884
247 195 378 272 194
1042 212 1344 265 mAAoz
1381 213 1447 267 x

243 358 598 439 φαίνονται
641 361 944 421 πολλοῖσι
989 349 1127 440 μετ’
1169 354 1449 440 ἀστράσι
1494 358 1732 433 νυκτὸς
1777 356 2077 444 ἀμολγῷ,

244 461 324 525 ὅν
367 484 437 527 τε
481 455 630 526 κύν’
687 457 1000 548 Ὠρίωνος
1045 462 1388 544 ἐπίκλησιν
1432 461 1815 529 καλέουσιν·

243 570 697 654 λαμπρότατος
732 564 854 652 μὲν
892 568 929 634 ὅ
956 561 1021 651 γ’
1054 568 1222 651 ἐστί,
1259 569 1465 634 κακὸν
1503 566 1577 634 δέ
1616 592 1686 635 τε
1723 577 1898 654 σῆμα
1925 567 2257 654 τέτυκται,
2322 644 2326 649 ,

243 676 358 741 καί
394 696 464 740 τε
509 674 699 761 φέρει
741 675 992 740 πολλὸν
1036 675 1324 756 πυρετὸν
1370 675 1648 740 δειλοῖσι
1693 678 2059 761 βροτοῖσιν·
2184 693 2260 742 31

245 773 333 855 ὧς
375 788 497 846 τοῦ
538 781 777 865 χαλκὸς
821 783 1065 865 ἔλαμπε
1108 779 1258 861 περὶ
1306 783 1624 865 στήθεσσι
1669 780 1969 869 θέοντος.

244 883 512 972 ᾤμωξεν
558 881 619 951 δ’
664 885 701 952 ὁ
736 884 982 972 γέρων,
1025 887 1328 970 κεφαλὴν
1367 884 1429 951 δ’
1474 887 1511 953 ὅ
1545 911 1622 971 γε
1666 891 1916 965 κόψατο
1962 886 2189 974 χερσὶν
2227 970 2230 973 ¹

242 986 441 1069 ὑψόσ’
483 992 959 1077 ἀνασχόμενος,
1006 991 1172 1077 μέγα
1217 988 1279 1056 δ’
1325 991 1607 1078 οἰμώξας
1652 993 2002 1077 ἐγεγώνειν

245 1099 633 1181 λισσόμενος
678 1100 881 1182 φίλον
925 1098 1105 1163 υἱόν·
1153 1097 1189 1163 ὁ
1238 1094 1313 1163 δὲ
1356 1100 1774 1192 προπάροιθε
1817 1100 2090 1167 πυλάων
2184 1118 2262 1168 35

245 1201 571 1287 ἑστήκειν,
617 1204 867 1287 ἄμοτον
910 1202 1171 1288 μεμαὼς
1209 1200 1458 1288 Ἀχιλῆι
1505 1204 1861 1289 μάχεσθαι·

243 1311 363 1375 τὸν
409 1306 471 1375 δ’
506 1309 541 1375 ὁ
577 1308 795 1396 γέρων
843 1309 1092 1376 ἐλεεινὰ
1135 1312 1486 1398 προσηύδα
1530 1322 1752 1397 χεῖρας
1796 1311 2101 1398 ὀρεγνύς·

245 1413 541 1502 ,ξἘκτορ,
589 1419 676 1500 μή
723 1439 835 1499 μοι
879 1419 1107 1502 μίμνε,
1155 1420 1360 1501 φίλον
1405 1416 1618 1499 τέκος,
1667 1416 1871 1503 ἀνέρα
1912 1427 2152 1485 τοῦτον

245 1518 386 1599 οἷος
430 1520 664 1588 ἄνευθ’
709 1524 958 1605 ἄλλων,
1004 1522 1116 1587 ἵνα
1158 1524 1247 1606 μὴ
1292 1522 1459 1608 τάχα
1502 1525 1758 1608 πότμον
1802 1524 2078 1611 ἐπίσπῃς

247 1632 582 1712 Πηλεΐωνι
628 1629 884 1712 δαμείς,
933 1625 1072 1694 ἐπεὶ
1115 1623 1158 1711 ἦ
1206 1632 1378 1694 πολὺ
1424 1628 1742 1715 φέρτερός
1788 1629 1999 1715 ἐστιν,
2183 1649 2263 1700 40

245 1734 562 1819 σχέτλιος·
609 1740 763 1800 αὔθε
808 1740 1031 1799 θεοῖσι
1075 1738 1272 1819 φίλος
1313 1737 1637 1801 τοσσόνδε
1682 1733 1976 1819 γένοιτο,

246 1842 451 1907 ὅσσον
495 1841 671 1926 ἐμοί·
716 1840 880 1926 τάχα
922 1839 1038 1906 κέν
1076 1839 1109 1906 ἕ
1141 1841 1338 1918 κύνες
1380 1826 1491 1907 καὶ
1534 1851 1739 1925 γῦπες
1783 1843 2001 1908 ἔδοιεν

244 1952 575 2035 κείμενον·
620 1943 663 2032 ἦ
708 1947 787 2013 κέ
826 1970 942 2033 μοι
986 1947 1180 2012 αἰνὸν
1225 1947 1353 2013 ἀπὸ
1399 1950 1749 2034 πραπίδων
1796 1950 1954 2034 ἄχος
1999 1951 2212 2016 ἔλθοι·

246 2058 318 2133 ὅς
362 2053 428 2141 μ’
461 2056 630 2121 υἱῶν
675 2059 941 2121 πολλῶν
984 2076 1055 2119 τε
1097 2052 1208 2118 καὶ
1253 2053 1519 2120 ἐσθλῶν
1565 2048 1751 2120 εὖνιν
1801 2058 2079 2141 ἔθηκεν,

244 2166 520 2228 κτείνων
565 2159 676 2227 καὶ
719 2162 965 2248 περνὰς
1007 2163 1234 2245 νήσων
1281 2162 1388 2226 ἔπι
1431 2161 1881 2244 τηλεδαπάων.
2186 2182 2266 2233 45

244 2269 354 2335 καὶ
397 2270 525 2354 γὰρ
570 2277 698 2333 νῦν
746 2268 869 2333 δύο
915 2268 1139 2350 παῖδε,
1184 2266 1502 2332 Λυκάονα
1545 2263 1655 2332 καὶ
1698 2268 2149 2357 Πολύδωρον,

246 2376 329 2442 οὐ
373 2376 661 2457 δύναμαι
707 2370 912 2438 ἰδέειν
966 2374 1212 2459 Τρώων
1259 2374 1354 2450 εἰς
1400 2373 1565 2438 ἄστυ
1616 2372 1937 2457 ἀλέντων,

244 2482 401 2558 τούς
444 2503 560 2565 μοι
603 2482 884 2562 Λαοθόη
929 2479 1181 2562 τέκετο,
1225 2481 1542 2563 κρείουσα
1584 2491 1939 2562 γυναικῶν.

246 2581 389 2654 ἀλλ’
430 2588 493 2652 εἰ
532 2581 656 2671 μὲν
703 2584 943 2662 ζώουσι
986 2586 1147 2670 μετὰ
1193 2593 1481 2673 στρατῷ,
1525 2579 1568 2668 ἦ
1604 2582 1662 2648 τ’
1706 2583 1792 2650 ἂν
1838 2587 2058 2651 ἔπειτα

246 2699 493 2781 χαλκοῦ
536 2715 607 2758 τε
651 2699 905 2776 χρυσοῦ
949 2687 1007 2755 τ’
1043 2687 1494 2775 ἀπολυσόμεθ’
1514 2709 1530 2725 ·
1577 2692 1714 2756 ἔστι
1758 2691 1886 2776 γὰρ
1924 2693 2150 2757 ἔνδον·
2179 2709 2269 2760 50

244 2801 456 2867 πολλὰ
498 2798 626 2885 γὰρ
674 2799 895 2863 ῶπασε
939 2794 1127 2861 παιδὶ
1170 2794 1389 2882 γέρων
1435 2796 1886 2879 ὀνομάκλυτος
1916 2795 2168 2881 Ἄλτης.

247 2909 309 2973 εἰ
350 2903 411 2973 δ’
453 2907 583 2990 ἤδη
630 2909 906 2970 τεθνᾶσι
948 2900 1059 2968 καὶ
1105 2903 1204 2967 εἰν
1242 2899 1467 2969 Ἀίδαο
1516 2904 1857 2988 δόμοισιν,

245 3016 448 3097 ἄλγος
492 3012 624 3099 έμςό
670 3017 869 3098 θυμῷ
916 3006 1026 3074 καὶ
1072 3006 1332 3095 μητέρι,
1377 3007 1483 3074 τοὶ
1525 3012 1922 3094 τεκόμεσθα·
2026 3063 2032 3069 .

246 3126 505 3186 λαοῖσιν
552 3112 613 3182 δ’
657 3117 916 3183 ἄλλοισι
961 3115 1582 3201 μινυνθαδιώτερον
1637 3116 1840 3198 ἄλγος

246 3229 534 3308 ἔσσεται,
579 3222 665 3308 ἢν
709 3224 798 3307 μὴ
842 3220 954 3287 καὶ
1000 3224 1085 3287 σὺ
1128 3221 1348 3308 θάνῃς
1400 3215 1647 3305 Ἀχιλῆι
1692 3221 2073 3306 δαμασθείς.
2190 3237 2268 3288 55

246 3327 389 3397 ἀλλ’
433 3327 722 3414 εἰσέρχεο
767 3339 1008 3413 τεῖχος,
1057 3328 1218 3412 ἐμὸν
1265 3327 1481 3411 τέκος,
1528 3330 1709 3413 ὄφρα
1755 3328 2020 3413 σαώσῃς

253 3442 482 3523 Τρῶας
526 3431 636 3500 καὶ
688 3435 947 3519 Τρωάς,
995 3430 1163 3518 μηδὲ
1207 3432 1375 3519 μέγα
1419 3435 1622 3510 κῦδος
1667 3432 1896 3519 ὀρέξῃς

246 3544 579 3629 Πηλεΐδῃ,
626 3539 822 3618 αὐτὸς
869 3536 942 3605 δὲ
989 3543 1187 3623 φίλης
1233 3540 1474 3616 αἰῶνος
1524 3538 1836 3624 ἀμερθῇς.
