2525 3884
296 207 428 272 220
1095 207 1399 260 1A1AA02
1433 208 1511 261 Ψ.

295 354 655 436 παντοίην,
701 351 811 417 ἵνα
855 354 945 437 μή
992 367 1067 417 σε
1109 351 1743 437 παρεκπροφύγῃσιν
1787 351 2013 416 ἄεθλα.

295 459 449 541 μήτι
492 480 598 523 τοι
644 458 970 544 δρυτόμος
1014 450 1159 542 μέγ’
1201 455 1494 542 ἀμείνων
1535 451 1614 539 ἠὲ
1657 457 1920 542 βίηφιν·
2199 466 2320 520 315

294 564 449 646 μήτι
494 559 555 628 δ’
600 557 756 629 αὖτε
800 564 1206 649 κυβερνήτης
1249 559 1353 628 ἐνὶ
1397 567 1620 628 οἴνοπι
1662 563 1882 648 πόντῳ

294 676 425 751 νῆα
469 669 647 752 θοὴν
694 667 918 732 ίθύνει
961 665 1413 752 ἐρεχθομένην
1457 665 1828 753 ἀνέμοισιν·

293 776 448 859 μήτι
492 768 555 839 δ’
595 773 865 858 ἡνίοχος
907 768 1355 857 περιγίγνεται
1398 772 1713 856 ἡνιόχοιο.

293 877 434 944 ἀλλ’
478 879 552 957 ὃς
587 879 709 965 μέν
751 873 825 944 θ’
866 878 1126 944 ἵπποισι
1167 875 1279 944 καὶ
1324 878 1612 964 ἅρμασιν
1658 870 1794 944 οἷσι
1836 881 2173 956 πεποιθὼς

295 984 642 1072 ἀφραδέως
688 980 794 1049 ἐπὶ
836 984 1089 1049 πολλὸν
1134 982 1460 1051 ἑλίσσεται
1505 986 1674 1050 ἔνθα
1716 980 1828 1049 καὶ
1873 986 2072 1067 ἔνθα,
2200 1001 2319 1051 320

294 1090 481 1157 ἵπποι
527 1087 602 1156 δὲ
645 1091 1067 1156 πλανόωνται
1111 1090 1240 1156 ἀνὰ
1285 1091 1567 1176 δρόμον,
1615 1084 1775 1155 οὐδὲ
1817 1093 2130 1174 κατίσχει·

294 1196 367 1274 ὃς
413 1195 494 1263 δέ
530 1219 604 1263 κε
646 1195 884 1282 κέρδεα
929 1198 1075 1282 εἰδῇ
1122 1196 1424 1264 ἐλαύνων
1466 1197 1755 1280 ἥσσονας
1800 1195 2069 1279 ἵππους,

294 1300 423 1370 αίεὶ
465 1300 646 1389 τέρμ’
692 1303 911 1389 ὁρόων
955 1301 1226 1389 στρέφει
1272 1301 1589 1386 ἐγγύθεν,
1637 1298 1802 1367 οὐδέ
1841 1299 1875 1366 ἕ
1918 1302 2142 1384 λήθει,

294 1410 516 1488 ὅππως
558 1411 635 1475 τὸ
679 1419 943 1495 πρῶτον
985 1409 1238 1495 τανύσῃ
1286 1407 1581 1492 βοέοισιν
1624 1408 1878 1493 ἱμᾶσιν,

294 1509 437 1581 ἀλλ’
479 1518 611 1602 ἔχει
655 1514 1002 1600 ἀσφαλέως
1043 1512 1155 1580 καὶ
1196 1516 1320 1580 τὸν
1362 1516 1740 1600 προύχοντα
1787 1515 2062 1581 δοκεύει.
2199 1531 2318 1582 325

294 1629 468 1706 σῆμα
513 1620 592 1688 δέ
629 1644 738 1686 τοι
781 1618 940 1705 έρέω
987 1617 1137 1704 μάλ’
1181 1619 1575 1706 ἀριφραδές,
1621 1618 1786 1686 οὐδέ
1824 1636 1898 1687 σε
1941 1623 2145 1705 λήσει.

294 1725 521 1809 ἕστηκε
568 1724 769 1805 ξύλον
814 1720 1013 1809 αὖον,
1061 1726 1225 1791 ὅσον
1265 1723 1325 1791 τ’
1370 1722 1617 1812 ὄργυι’,
1662 1722 1829 1813 ὑπὲρ
1874 1732 2049 1811 αἴης,

293 1830 334 1915 ἢ
384 1832 585 1918 δρυὸς
628 1831 670 1916 ἢ
715 1831 987 1914 πεύκης·
1030 1832 1107 1896 τὸ
1151 1828 1275 1916 μὲν
1322 1831 1405 1898 οὐ
1449 1833 1898 1898 καταπύθεται
1941 1833 2197 1919 ὄμβρῳ·

294 1943 411 2004 λᾶε
457 1935 532 2003 δὲ
575 1947 696 2004 τοῦ
742 1936 1097 2024 ἑκάτερθεν
1145 1937 1534 2025 ἐρηρέδαται
1579 1938 1703 2004 δύο
1749 1938 1959 2005 λευκὼ

295 2043 369 2110 έν
415 2042 771 2130 ξυνοχῇσιν
815 2044 1008 2127 ὁδοῦ,
1056 2049 1232 2121 λεῖος
1278 2040 1339 2109 δ’
1385 2045 1790 2131 ἱππόδρομος
1835 2044 2067 2129 ἀμφίς·
2200 2060 2313 2110 330

294 2152 337 2234 ἥ
382 2173 496 2216 τευ
541 2159 716 2235 σῆμα
760 2152 1028 2237 βροτοῖο
1073 2151 1288 2216 πάλαι,
1320 2156 1884 2235 κατατεθνηῶτος,

294 2254 336 2339 ἢ
381 2258 458 2321 τό
501 2279 577 2339 γε
620 2257 835 2322 νύσσα
879 2255 1146 2323 τέτυκτο
1194 2255 1301 2323 ἐπὶ
1344 2255 1686 2344 προτέρων
1730 2256 2137 2343 ἀνθρώπων·

296 2358 405 2426 καὶ
448 2368 577 2426 νῦν
621 2358 881 2446 τέρματ’
925 2364 1128 2445 ἔθηκε
1171 2362 1509 2449 ποδάρκης
1556 2363 1699 2440 δῖος
1735 2359 2082 2447 Ἀχιλλεύς.

296 2473 387 2553 τῷ
433 2470 518 2533 σὺ
565 2464 715 2551 μάλ’
749 2467 1110 2553 ἐγχρίμψας
1153 2467 1355 2534 ἐλάαν
1401 2469 1638 2553 σχεδὸν
1674 2468 1850 2554 ἅρμα
1885 2466 1997 2534 καὶ
2031 2468 2309 2552 ἵππους,

297 2570 495 2648 αὐτὸς
541 2568 616 2637 δὲ
660 2575 1020 2656 κλινθῆναι
1063 2572 1393 2661 έυπλέκτῳ
1438 2571 1540 2639 ἐνὶ
1585 2574 1804 2660 δίφρῳ
2201 2589 2309 2641 335

297 2671 399 2760 ἦκ’
442 2673 541 2742 ἐπ’
586 2675 895 2763 ἀριστερὰ
938 2688 1137 2744 τοῖιν·
1186 2678 1350 2765 ἀτὰρ
1392 2680 1514 2745 τὸν
1559 2677 1779 2759 δεξιὸν
1823 2679 2024 2744 ἵππον
2089 2722 2092 2727 -

297 2779 527 2846 κένσαι
571 2781 968 2867 ὁμοκλήσας,
1017 2778 1189 2861 εἶξαί
1225 2782 1304 2850 τέ
1344 2785 1415 2850 οἱ
1454 2783 1611 2868 ἡνία
1652 2789 1900 2871 χερσίν.

299 2885 373 2951 έν
417 2886 632 2973 νύσσῃ
680 2885 760 2954 δέ
797 2911 903 2954 τοι
947 2888 1144 2966 ἵππος
1190 2888 1533 2977 ἀριστερὸς
1577 2889 2079 2976 ἐγχριμφθήτω,

300 2990 388 3067 ὡς
432 2993 516 3056 ἄν
560 3015 665 3058 τοι
706 2996 968 3080 πλήμνη
1015 3017 1091 3078 γε
1133 2996 1484 3062 δοάσσεται
1531 2997 1737 3082 ἄκρον
1783 2995 2043 3062 ἱκέσθαι

298 3095 547 3162 κύκλου
590 3109 917 3182 ποιητοῖο·
963 3103 1167 3167 λίθου
1213 3095 1277 3167 δ’
1320 3100 1644 3168 ἀλέασθαι
1689 3101 2029 3186 ἐπαυρεῖν,
2203 3116 2311 3167 340

300 3203 389 3285 μή
432 3222 572 3280 πως
615 3203 854 3281 ἵππους
896 3228 967 3271 τε
1010 3206 1269 3293 τρώσῃς
1313 3208 1477 3273 κατά
1519 3204 1593 3273 θ’
1638 3208 1893 3294 ἅρματα
1938 3207 2121 3292 ἄξῃς·

298 3306 515 3393 χάρμα
561 3305 636 3374 δὲ
679 3319 817 3386 τοῖς
862 3310 1191 3397 ἄλλοισιν,
1239 3314 1530 3399 ἐλεγχείη
1578 3311 1653 3380 δὲ
1698 3312 1807 3380 σοὶ
1851 3314 2027 3401 αὐτῷ

303 3413 586 3479 ἔσσεται·
632 3413 828 3496 ἀλλά,
876 3418 1100 3501 φίλος,
1149 3416 1457 3504 φρονέων
1502 3417 2005 3504 πεφυλαγμένος
2049 3411 2241 3483 εἶναι.

303 3519 365 3583 εί
404 3519 530 3605 γάρ
577 3514 637 3584 κ’
683 3518 757 3585 έν
800 3519 1015 3606 νύσσῃ
1060 3545 1136 3605 γε
1179 3522 1725 3610 παρεξελάσῃσθα
1770 3523 2059 3606 διώκων,
