2525 3884
980 214 1282 266 ΙΛΙΑΔΟΣ
1318 215 1433 268 xv,
1891 170 1904 183 ⁸
2103 212 2189 276 65

204 355 464 437 μαίνετο
510 354 596 439 δ’,
644 356 734 432 ὡς
779 351 874 421 ὅτ’
907 354 1109 442 ’Ἀρης
1153 354 1549 441 ἐγχέσπαλος
1592 356 1634 441 ἣ
1682 357 1880 423 ὀλοὸν
1925 365 2057 442 πῦρ
2087 371 2190 423 605

204 458 428 543 οὔρεσι
465 465 774 545 μαίνηται
819 460 1070 546 βαθέης
1114 461 1188 527 ἐν
1232 462 1556 549 τάρφεσιν
1598 463 1787 546 ὕλης·

201 561 556 649 ἀφλοισμὸς
602 564 676 632 δὲ
719 565 869 655 περὶ
913 570 1120 653 στόμα
1164 570 1449 652 γίγνετο,
1493 568 1585 632 τὼ
1633 567 1711 634 δέ
1752 569 1823 634 oc
1861 569 2018 634 ὄσσε
2199 619 2218 629 -

201 668 581 755 λαμπέσθην
627 674 1032 757 βλοσυρῇσιν
1075 669 1188 737 ὑπ’
1242 672 1552 758 ὀφρύσιν,
1600 669 1768 757 ἀμφὶ
1814 667 1888 737 δὲ
1931 671 2138 754 πήληξ

199 775 597 861 σμερδαλέον
642 779 1033 863 κροτάφοισι
1074 778 1418 844 τινάσσετο
1465 776 1910 865 μαρναμένοιο

200 878 561 969 [Ἐιτορος
608 884 807 961 αὐτὸς
850 884 977 970 γάρ
1014 885 1086 950 oc
1124 879 1234 949 ἀπ’
1287 883 1558 971 αόθέρος
1599 880 1718 969 ἦεν
1764 884 2073 969 ἀμύντωρ
2089 901 2192 950 610

197 989 385 1072 Ζεύς,
429 990 500 1066 ὃς
545 1014 661 1074 μιν
706 993 1051 1056 πλεόνεσσι
1096 987 1232 1074 μετ’
1285 990 1567 1076 ἀνδράσι
1612 1000 1865 1076 μοῦνον
1911 991 2104 1057 έόντα

50 1144 55 1149 .
189 1094 351 1176 τίμα
390 1093 498 1160 καὶ
541 1096 830 1162 κύδαινε.
895 1095 1336 1181 μινυνθάδιος
1379 1095 1506 1182 γὰρ
1552 1099 1818 1181 ἔμελλεν

192 1194 491 1265 ἔσσεσθ’·
536 1202 662 1284 ἤδη
709 1203 835 1289 γάρ
882 1202 953 1267 oc
990 1201 1286 1287 ἐπώρνυε
1333 1204 1658 1287 μόρσιμον
1700 1197 1876 1288 ἦμαρ

193 1307 467 1384 Παλλὰς
503 1303 824 1392 Ἀθηναίη
869 1307 997 1373 ὑπὸ
1042 1308 1382 1390 Πηλεΐδαο
1429 1308 1708 1392 βίηφιν.]

191 1414 311 1476 καί
352 1406 412 1497 ῤ’
464 1415 694 1478 ἔθελεν
740 1411 928 1498 ῥῆξαι
974 1417 1195 1498 στίχας
1239 1413 1526 1500 ἀνδρῶν,
1572 1416 1978 1498 πειρητίζων,
2090 1430 2191 1480 615

189 1507 236 1602 ᾖ
282 1517 369 1601 δὴ
414 1523 721 1584 πλεῖστον
768 1518 1002 1603 ὅμιλον
1046 1518 1170 1604 ὅρα
1214 1516 1326 1583 καὶ
1369 1513 1582 1604 τεύχε’
1632 1518 1893 1610 ἄριστα·

114 1684 120 1693 .
189 1620 340 1688 ἀλλ’
391 1620 536 1689 οὐδ’
589 1617 677 1700 ὧς
722 1624 967 1689 δύνατο
1014 1622 1222 1709 ῥῆξαι,
1270 1623 1441 1709 μάλα
1484 1645 1606 1710 περ
1652 1628 2042 1708 μενεαίνων·

189 1735 386 1813 ἶσχον
429 1730 557 1814 γὰρ
599 1730 942 1814 πυργηδὸν
988 1729 1323 1815 ἀρηρότες,
1367 1729 1527 1813 ἠύτε
1570 1728 1772 1816 πέτρη

184 1836 503 1920 ἠλίβατος
545 1836 813 1920 μεγάλη,
859 1839 1090 1918 πολιῆς
1135 1834 1292 1912 ἁλὸς
1337 1834 1532 1918 ἐγγὺς
1575 1834 1795 1919 ἐοῦσα,

183 1943 229 2026 ἥ
278 1964 350 2006 τε
396 1938 576 2025 μένει
620 1938 858 2023 λιγέων
903 1937 1165 2026 ἀνέμων
1209 1943 1500 2027 λαιψηρὰ
1542 1940 1826 2008 κέλευθα
2093 1957 2194 2007 620

183 2047 449 2132 κύματά
491 2069 561 2112 τε
603 2049 992 2132 τροφόεντα,
1037 2047 1118 2112 τά
1159 2069 1231 2113 τε
1274 2048 1781 2133 προσερεύγεται
1827 2045 2035 2129 αὐτήν
2048 2065 2061 2078 ·

184 2148 285 2229 ὥς
328 2148 589 2218 Δαναοὶ
639 2156 866 2238 Τρῶας
909 2149 1121 2236 μένον
1156 2152 1440 2237 ἔμπεδον
1485 2150 1642 2216 οὐδὲ
1688 2149 1990 2235 φέβοντο.

186 2256 405 2343 αὐτὰρ
451 2257 487 2324 ὁ
535 2258 946 2342 λαμπόμενος
989 2254 1148 2344 πυρὶ
1193 2259 1532 2323 πάντοθεν
1577 2251 1805 2341 ἔνθορ’
1858 2256 2083 2348 ὁμίλῳ,

186 2364 274 2430 έν
321 2360 381 2428 δ’
435 2356 636 2445 ἔπεσ’,
684 2363 773 2439 ὡς
817 2363 922 2429 ὅτε
966 2371 1140 2448 κῦμα
1183 2369 1319 2448 θοῇ
1365 2362 1439 2429 έν
1481 2359 1593 2445 νηὶ
1638 2361 1917 2449 πέσῃσιν
1999 2404 2009 2414 -

96 2505 104 2511 ·
185 2467 451 2554 λάβρον>
491 2468 621 2533 ὑπὸ
665 2466 925 2551 νεφέων
970 2466 1435 2555 ἀνεμοτρεφές·
1479 2467 1521 2552 ἡ
1568 2466 1648 2534 δέ
1685 2491 1756 2536 τε
1798 2478 1974 2537 πᾶσα
2084 2487 2186 2538 625

187 2576 364 2660 ἄχνῃ
408 2572 831 2660 ὑπεκρύφθη,
877 2571 1144 2658 ἀνέμοιο
1193 2570 1266 2640 δὲ
1313 2574 1528 2650 δεινὸς
1572 2573 1734 2658 ἀήτη

191 2683 382 2768 ίστίφ
430 2677 833 2766 ἐμβρέμεται,
877 2678 1229 2765 τρομέουσι
1276 2679 1354 2746 δέ
1392 2701 1461 2745 τε
1504 2677 1719 2765 φρένα
1763 2689 1999 2746 ναῦται

190 2787 538 2862 δειδιότες·
582 2787 831 2851 τυτθὸν
861 2786 999 2875 γὰρ
1045 2781 1210 2854 ὑπὲκ
1252 2785 1570 2850 θανάτοιο
1599 2774 1961 2870 φέρονται·

192 2887 285 2969 ὧς
331 2892 615 2970 ἐδαΐζετο
660 2892 879 2976 θυμὸς
924 2890 1022 2957 ἐνὶ
1070 2893 1427 2974 στήθεσσιν
1466 2887 1761 2975 Ἀχαιῶν.
1861 2882 1868 2887 ’

191 2997 403 3084 αὐτὰρ
442 2999 478 3063 ὅ
522 2994 593 3081 γ’.
621 2998 708 3075 ὥς
743 3018 811 3064 τε
848 2994 1019 3063 λέων
1056 2997 1403 3083 ὀλοόφρων
1441 2993 1680 3077 βουσὶν
1727 2995 2046 3080 ἐπελθών,
2087 3016 2189 3065 630

192 3104 270 3169 αἵ
308 3102 393 3190 ῥά
436 3096 499 3168 τ’
541 3103 614 3170 έν
660 3103 924 3188 εἱαμενῇ
971 3101 1151 3180 ἕλεος
1194 3102 1500 3188 μεγάλοιο
1547 3099 1860 3185 νέμονται

194 3212 447 3295 μυρίαι,
496 3209 569 3274 ἐν
615 3207 696 3276 δέ
732 3232 803 3275 τε
846 3218 994 3292 τῇσι
1038 3211 1282 3294 νομεὺς
1326 3206 1407 3272 οὔ
1450 3228 1553 3272 πω
1601 3206 1782 3292 σάφα
1828 3210 2017 3287 εἰδὼς

156 3313 360 3405 ,θηρὶ
405 3318 827 3401 μαχήσασθαι
872 3312 1086 3390 ἕλικος
1130 3313 1287 3398 βοὸς
1330 3310 1499 3398 ἀμφὶ
1543 3322 1857 3398 φονῇσιν·

195 3417 237 3505 ἦ
282 3443 384 3488 τοι
428 3421 465 3488 ὀ
514 3417 632 3506 μὲν
677 3421 971 3507 πρώτῃσι
1015 3417 1123 3485 καὶ
1168 3419 1509 3503 ὑστατίῃσι
1555 3422 1824 3500 βόεσσιν

198 3523 341 3592 αἰὲν
386 3522 777 3612 ὁμοστιχάει,
827 3526 862 3591 ὁ
910 3523 991 3592 δέ
1027 3519 1086 3590 τ’
1138 3524 1210 3590 ἐν
1257 3521 1575 3607 μέσσῃσιν
1622 3522 1906 3605 ὀρούσας
2090 3537 2194 3585 ⁸35

299 3642 496 3693 noum
522 3641 675 3683 nm.
710 3641 771 3682 11.
1181 3685 1187 3693 ,
1843 3627 1876 3673 5
