2525 3884
1001 132 1304 184 ΙΛΙΑΔοΣ
1340 135 1540 187 xxm.
2143 133 2276 198 215

255 274 614 340 ὅπλεσθαι·
660 274 818 339 τάδε
864 270 926 340 δ’
978 273 1147 360 ἀμφὶ
1191 272 1628 362 πονησόμεθ’,
1675 270 1808 343 οἷσι
1854 278 2131 363 μάλιστα

255 382 500 464 κήδεός
515 379 651 446 ἐστι
668 379 893 457 νέκυς·
912 383 1089 468 παρὰ
1109 377 1171 447 δ’
1197 384 1269 448 οἳ
1289 378 1352 446 τ’
1387 380 1536 466 ἀγοὶ
1563 384 1728 468 ἄμμι
1755 385 2156 469 μενόντων.“
2178 401 2281 451 160

351 486 562 573 αὐτὰρ
600 485 742 552 ἐπεὶ
783 490 859 552 τό
903 484 968 572 γ’
1012 488 1298 554 ἄκουσεν
1335 488 1498 567 ἄναξ
1536 489 1803 575 ἀνδρῶν
1834 486 2279 575 Ἀγαμέμνων,

254 593 494 659 αὐτίκα
538 594 704 658 λαὸν
750 589 872 677 μὲν
917 593 1236 661 σκέδασεν
1282 597 1446 660 κατὰ
1489 605 1653 679 νῆας
1698 595 1906 680 ἐίσας,

259 702 628 784 κηδεμόνες
674 695 748 766 δὲ
792 694 946 784 παρ’
998 694 1163 765 αὖθι
1208 700 1413 786 μένον
1458 700 1567 768 καὶ
1611 688 1813 787 νήεον
1857 703 2057 786 ὕλην,

254 809 549 889 ποίησαν
597 801 671 870 δὲ
716 805 936 891 πυρὴν
983 803 1426 891 ἑκατόμπεδον
1472 810 1641 874 ἔνθα
1684 806 1796 874 καὶ
1841 810 2040 890 ἔνθα,

258 912 335 979 ἐν
385 908 460 978 δὲ
504 919 682 997 πυρῇ
727 911 939 997 ὑπάτῃ
985 914 1226 999 νεκρὸν
1272 913 1486 979 θέσαν
1531 914 1889 1001 ἀχνύμενοι
1931 923 2075 1000 κῆρ.
2179 928 2279 981 165

254 1020 474 1085 πολλὰ
521 1015 595 1083 δὲ
641 1024 787 1103 ἴφια
833 1023 1006 1102 μῆλα
1050 1016 1161 1084 καὶ
1206 1020 1541 1097 εἰλίποδας
1585 1021 1801 1098 ἕλικας
1845 1025 2007 1105 βοῦς

254 1128 521 1212 πρόσθε
546 1133 757 1210 πυρῆς
785 1125 1017 1210 ἔδερόν
1051 1147 1123 1190 τε
1148 1122 1259 1190 καὶ
1286 1126 1617 1210 ἄμφεπον·
1648 1126 1719 1193 ἐκ
1748 1123 1814 1193 δ’
1857 1129 1986 1217 ἄρα
2013 1127 2281 1192 πάντων

258 1233 479 1317 δημὸν
526 1229 694 1298 ἑλὼν
740 1230 1022 1308 ἐκάλυψε
1067 1228 1271 1296 νέκυν
1317 1232 1702 1317 μεγάθυμος
1741 1229 2070 1317 Ἀχιλλεὺς

20 1334 23 1351 ἱ
135 1361 141 1365 ·
256 1339 326 1415 ές
371 1339 583 1415 πόδας
627 1337 699 1403 ἐκ
740 1331 1048 1421 κεφαλῆς,
1096 1335 1247 1423 περὶ
1294 1334 1367 1403 δὲ
1414 1339 1620 1424 δρατὰ
1665 1339 1931 1422 σώματα
1975 1342 2137 1422 νήει.

182 1509 204 1533 ,
261 1444 337 1511 ἐν
385 1439 448 1509 δ’
502 1442 709 1509 ἐτίθει
755 1442 1013 1528 μέλιτος
1057 1440 1168 1509 καὶ
1212 1443 1566 1528 ἀλείφατος
1611 1443 2065 1531 ἀμφιφορῆας,
2181 1463 2280 1512 170

257 1552 425 1636 πρὸς
470 1549 660 1635 λέχεα
702 1552 982 1617 κλίνων·
1027 1553 1313 1636 πίσυρας
1358 1546 1421 1616 δ’
1472 1551 1856 1637 ἐριαύχενας
1900 1552 2139 1631 ἵππους

260 1653 639 1739 ἐσσυμένως
683 1653 991 1739 ἐνέβαλλε
1035 1665 1212 1743 πυρῇ
1256 1657 1507 1742 μεγάλα
1551 1662 1962 1743 στεναχίζων.

262 1761 456 1830 ἐννέα
501 1769 591 1850 τῷ
636 1784 715 1845 γε
759 1761 989 1827 ἄνακτι
1033 1765 1381 1846 τραπεζῆες
1424 1764 1621 1841 κύνες
1663 1759 1860 1848 ἦσαν·

261 1868 371 1936 καὶ
418 1864 539 1954 μὲν
583 1878 719 1932 τῶν
765 1866 1073 1950 ἐνέβαλλε
1117 1876 1295 1953 πυρῇ
1343 1869 1464 1935 δύο
1514 1870 2014 1955 δειροτομήσας,

263 1977 519 2042 δώδεκα
567 1972 642 2040 δὲ
694 1973 943 2060 Τρώων
989 1974 1395 2059 μεγαθύμων
1440 1974 1624 2051 υἱέας
1669 1974 1955 2052 ἐσθλοὺς
2181 1994 2280 2042 175

263 2084 478 2170 χαλκῷ
529 2082 804 2164 δηιόων·
850 2081 1018 2145 κακὰ
1064 2077 1138 2146 δὲ
1182 2078 1383 2166 φρεσὶ
1418 2082 1661 2166 μήδετο
1708 2084 1884 2167 ἔργα.

263 2191 337 2256 ἐν
384 2185 458 2253 δὲ
501 2188 711 2271 πυρὸς
756 2185 953 2270 μένος
997 2181 1113 2269 ἧκε
1160 2187 1492 2273 σιδήρεον,
1543 2187 1720 2272 ὄφρα
1765 2185 2056 2271 νέμοιτο·

265 2293 536 2386 ᾤμωξέν
580 2288 640 2358 τ’
693 2288 799 2378 ἄρ’
852 2295 1073 2358 ἔπειτα
1118 2295 1323 2376 φίλον
1366 2287 1425 2356 τ’
1478 2291 1808 2377 ὀνόμηνεν
1855 2292 2144 2381 ἑταῖρον·

262 2399 496 2486 ,,χαῖρέ
538 2423 671 2484 μοι,
720 2394 771 2463 ὦ
820 2399 1182 2482 Πάτροκλε,
1228 2396 1339 2463 καὶ
1385 2399 1485 2464 εἰν
1525 2394 1748 2466 Ἀίδαο
1796 2401 2127 2485 δόμοισιν·

263 2510 474 2574 πάντα
518 2506 644 2589 γὰρ
688 2505 817 2587 ἤδη
863 2526 967 2569 τοι
1011 2502 1238 2587 τελέω,
1286 2506 1367 2570 τὰ
1410 2504 1739 2590 πάροιθεν
1784 2505 2090 2591 ὑπέστην.
2178 2524 2279 2574 180

264 2615 517 2680 δώδεκα
562 2607 683 2696 μὲν
736 2610 983 2694 Τρώων
1028 2611 1438 2696 μεγαθύμων
1481 2610 1665 2689 υἱέας
1711 2611 1996 2689 ἐσθλοὺς

261 2723 416 2796 τοὺς
460 2719 590 2802 ἄμα
637 2714 746 2782 σοὶ
788 2717 1036 2794 πάντας
1079 2726 1212 2803 πῦρ
1259 2716 1504 2783 ἐσθίει·
1535 2716 1819 2802 ’Ἕκτορα
1865 2715 1928 2783 δ’
1980 2719 2063 2784 οὔ
2105 2742 2170 2784 τι

266 2827 454 2891 δώσω
490 2823 886 2912 ΥΠριαμίδην
930 2821 1095 2909 πυρὶ
1141 2822 1486 2909 δαπτέμεν,
1535 2824 1700 2890 ἀλλὰ
1743 2825 2119 2892 κύνεσσιν.“

348 2925 437 3007 ὧς
481 2923 633 3014 φάτ’
687 2929 1066 3011 ἀπειλήσας·
1121 2930 1242 2995 τὸν
1290 2927 1352 2995 δ’
1414 2929 1496 2995 οὐ
1548 2930 1744 3006 κύνες
1795 2929 2275 3014 ἀμφεπένοντο,

265 3036 424 3102 ἀλλὰ
467 3037 670 3113 κύνας
716 3032 837 3120 μὲν
883 3035 1122 3101 ἄλαλκε
1167 3037 1336 3113 Διὸς
1380 3037 1683 3121 θυγάτηρ
1725 3030 2079 3122 Ἀφροδίτη
2174 3054 2276 3102 185

263 3130 469 3227 ἤματα
512 3140 623 3208 καὶ
668 3143 939 3225 νύκτας,
987 3140 1293 3228 ῥοδόεντι
1341 3138 1415 3207 δὲ
1457 3153 1643 3227 χρῖεν
1690 3141 1885 3230 ἐλαίῳ

263 3248 618 3335 ἀμβροσίῳ,
666 3249 777 3314 ἵνα
822 3250 912 3334 μή
957 3272 1074 3334 μιν
1121 3247 1504 3333 ἀποδρύφοι
1550 3247 1978 3327 ἑλκυστάζων.

262 3362 347 3443 τῷ
396 3351 455 3420 δ’
501 3350 608 3420 ἐπὶ
651 3355 938 3420 κυάνεον
985 3353 1192 3439 νέφος
1235 3355 1441 3437 ἤγαγε
1493 3357 1740 3438 Φοῖβος
1777 3352 2115 3420 Ἀπόλλων

264 3461 637 3547 οὐρανόθεν
682 3462 1024 3546 πεδίονδε,
1070 3462 1325 3541 κάλυψε
1372 3457 1447 3526 δὲ
1491 3471 1710 3546 χῶρον
1757 3459 2043 3539 ἄπαντα,
