2525 3884
991 171 1294 223 ΙΛΙΔΔοΣ
1330 172 1475 225 m.
2142 169 2229 234 29

190 311 469 393 αὔτως,
520 307 668 376 οὐδ’
719 312 849 395 ἄρα
891 336 962 377 τε
1006 313 1516 398 προκυλίνδεται
1561 308 1710 378 οὐδ’
1764 311 2038 398 ἑτέρωσε

183 419 388 501 πρίν
420 438 568 482 τινα
612 416 1000 503 κεκριμένον
1043 421 1492 502 καταβήμεναι
1537 416 1610 483 ἐκ
1654 419 1823 495 Διὸς
1868 412 2095 503 οὖρον,

188 517 302 599 ὧς
356 520 398 587 ὁ
439 523 656 609 γέρων
703 524 992 609 ὥρμαινε
1036 525 1420 608 δαϊζόμενος
1461 525 1628 589 κατὰ
1669 525 1897 607 θυμὸν
2161 540 2230 590 20

190 623 545 713 διχθάδι’,
592 629 633 714 ἢ
678 626 830 713 μεθ’
883 631 1118 714 ὅμιλον
1164 635 1255 695 ἴοι
1299 635 1595 695 Δαναῶν
1636 631 2044 715 ταχυπώλων

185 729 283 816 ἦε
340 731 484 818 μετ’
529 729 865 820 Ἀτρεΐδην
903 732 1355 820 Ἀγαμέμνονα
1398 735 1681 822 ποιμένα
1725 741 1922 800 λαῶν.

190 834 356 905 ὧδε
404 839 484 906 δέ
523 842 594 905 οί
632 840 989 925 φρονέοντι
1034 840 1361 907 δοάσσατο
1405 841 1677 928 κέρδιον
1721 835 1913 924 εἶναι,

190 948 428 1029 βῆναι
472 944 570 1011 ἐπ’
617 943 970 1031 Ἀτρεΐδην.
1018 948 1090 1011 οἱ
1129 944 1191 1011 δ’
1243 947 1569 1031 ἀλλήλους
1614 948 1915 1031 ἐνάριζον

193 1053 655 1137 μαρνάμενοι,
698 1054 855 1118 λάκε
903 1051 982 1118 δέ
1019 1069 1142 1138 σφι
1185 1051 1337 1139 περὶ
1380 1056 1534 1139 χροῒ
1572 1056 1811 1140 χαλκὸς
1855 1053 2117 1139 ἀτειρὴς
2162 1068 2230 1118 25

194 1157 660 1242 νυσσομένων
706 1158 964 1243 ξίφεσίν
1007 1182 1077 1223 τε
1123 1157 1232 1224 καὶ
1278 1162 1538 1245 ἔγχεσιν
1584 1160 2040 1245 ἀμφιγύοισιν.

309 1264 607 1351 Νέστορι
654 1262 727 1330 δὲ
773 1263 1143 1349 ξύμβληντο
1190 1264 1569 1350 διοτρεφέες
1612 1269 1920 1349 βασιλῆες

202 1371 363 1454 πὰρ
407 1381 588 1453 νηῶν
634 1369 953 1452 ἀνιόντες,
1001 1370 1148 1434 ὅσοι
1194 1372 1520 1454 βεβλήατο
1566 1376 1808 1458 χαλκῷ,

213 1476 557 1559 Τυδεΐδης
594 1473 904 1552 Ὀδυσεύς
945 1497 1016 1540 τε
1063 1472 1174 1540 καὶ
1213 1472 1550 1561 Ἀτρεΐδης
1588 1470 2028 1560 Ἀγαμέμνων.

205 1583 479 1646 πολλὸν
519 1583 646 1668 γάρ
694 1579 756 1667 ῤ’
810 1581 1146 1647 ἀπάνευθε
1191 1581 1402 1667 μάχης
1447 1583 1712 1668 εἰρύατο
1756 1591 1911 1667 νῆες
2162 1597 2231 1646 30

208 1683 371 1752 θῖν’
424 1684 528 1771 ἔφ’
579 1686 736 1764 ἁλὸς
778 1692 1034 1771 πολιῆς·
1078 1688 1194 1763 τὰς
1236 1688 1365 1772 γὰρ
1408 1688 1670 1772 πρώτας
1711 1689 2019 1754 πεδίονδε

215 1799 525 1877 εἴρυσαν,
570 1792 779 1879 αὐτὰρ
821 1803 1035 1876 τεῖχος
1079 1790 1184 1858 ἐπὶ
1229 1802 1611 1878 πρυμνῇσιν
1655 1793 1941 1877 ἔδειμαν.

217 1895 393 1965 οὐδὲ
436 1899 559 1981 γὰρ
607 1894 753 1962 οὐδ’
807 1896 1004 1983 εὐρύς
1045 1919 1168 1984 περ
1216 1899 1347 1964 ἐὼν
1393 1899 1758 1982 ἐδυνήσατο
1803 1898 2014 1974 πάσας

220 2004 528 2086 αὔγιαλὸς
569 2011 734 2087 νῆας
775 2000 1059 2086 χαδέειν,
1108 2005 1450 2069 στείνοντο
1498 2001 1572 2069 δὲ
1616 2008 1793 2070 λαοί·

219 2116 324 2197 τῷ
371 2109 455 2193 ῥα
497 2111 915 2194 προκρόσσας
960 2110 1228 2194 ἔρυσαν,
1275 2108 1387 2173 καὶ
1430 2114 1691 2192 πλῆσαν
1736 2108 1994 2192 ἁπάσης
2165 2125 2232 2175 35

220 2215 459 2298 ἠιόνος
501 2217 708 2298 στόμα
752 2216 1025 2298 μακρόν,
1072 2213 1235 2279 ὅσον
1273 2214 1732 2299 συνεέργαθον
1777 2215 1987 2298 ἄκραι.

94 2318 97 2323 ’
221 2327 326 2409 τῷ
372 2317 433 2406 ῥ’
486 2320 557 2385 οἵ
592 2316 655 2404 γ’
709 2320 1045 2398 ὀψείοντες
1090 2319 1292 2405 ἀυτῆς
1333 2317 1445 2385 καὶ
1489 2319 1827 2403 πολέμοιο,

225 2429 411 2511 ἔγχει
453 2425 856 2512 ἐρειδόμενοι
900 2429 1048 2491 κίον
1094 2425 1372 2510 ἁθρόοι·
1417 2427 1662 2509 ἄχνυτο
1711 2426 1790 2492 δέ
1831 2442 1995 2510 σφιν

223 2533 452 2616 θυμὸς
496 2529 596 2597 ἐνὶ
641 2534 1029 2625 στήθεσσιν·
1075 2531 1113 2597 ὁ
1162 2528 1234 2597 δὲ
1282 2529 1611 2615 ξύμβλητο
1655 2534 1920 2617 γεραιὸς

231 2637 562 2721 [Νέστωρ,
605 2637 799 2721 πτῆξε
845 2634 919 2702 δὲ
962 2639 1189 2722 θυμὸν
1234 2635 1335 2704 ἐνὶ
1380 2640 1741 2722 στήθεσσιν
1781 2635 2103 2723 Ἀχαιῶν.]
2162 2654 2232 2703 40

228 2747 356 2811 τὸν
397 2742 508 2810 καὶ
551 2746 865 2829 φωνήσας
908 2742 1207 2829 προσέφη
1253 2748 1496 2831 κρείων
1537 2739 1985 2829 Ἀγαμέμνων·

150 2918 159 2929 ,
232 2847 335 2935 ,,ὦ
379 2848 641 2935 Νέστορ
684 2850 1057 2932 Νηληιάδη,
1104 2850 1269 2934 μέγα
1311 2851 1515 2927 κῦδος
1552 2848 1850 2933 Ἀχαιῶν,

233 2960 416 3022 τίπτε
459 2957 668 3022 λιπὼν
712 2958 1001 3040 πόλεμον
1046 2957 1433 3041 φθισήνορα
1481 2952 1663 3041 δεῦρ’
1715 2955 2087 3040 ἀφικάνεις;

237 3063 459 3145 δείδω,
503 3063 590 3146 μὴ
630 3062 713 3145 δή
759 3085 871 3146 μοι
914 3061 1142 3147 τελέσῃ
1190 3064 1348 3137 ἔπος
1391 3063 1667 3146 ὄβριμος
1695 3059 1971 3149 ”Εκτωρ,

204 3154 325 3247 Ιὥς
367 3164 510 3234 ποτ’
564 3169 996 3253 ἐπηπείλησεν
1040 3167 1140 3235 ἐνὶ
1191 3164 1482 3254 Τρώεσσ’
1535 3167 1899 3253 ἀγορεύων,
2169 3186 2238 3234 45

238 3277 324 3359 μὴ
369 3273 528 3359 πρὶν
568 3275 703 3358 πὰρ
746 3285 931 3357 νηῶν
973 3272 1167 3360 προτὶ
1193 3272 1408 3339 Ἴλιον
1453 3272 1877 3358 ἀπονέεσθαι,

237 3380 394 3468 πρὶν
436 3377 596 3466 πυρὶ
640 3390 802 3465 νῆας
848 3380 1213 3467 ἐνιπρῆσαι,
1258 3388 1511 3444 κτεῖναι
1556 3376 1631 3444 δὲ
1672 3378 1784 3445 καὶ
1830 3379 2088 3455 αὐτούς.

237 3484 451 3564 κεῖνος
493 3497 622 3562 τῶς
665 3485 967 3572 ἀγόρευε·
1010 3487 1090 3550 τὰ
1135 3485 1218 3567 δὴ
1263 3493 1395 3549 νῦν
1437 3484 1654 3548 πάντα
1699 3488 1994 3546 τελεῖται.
