2525 3884
1017 190 1319 243 ῙΛῙΑΔΟΣ
1353 193 1524 247 xm
2100 190 2221 253 101

161 420 166 427 ο
253 335 474 416 Τρῶας
518 331 579 399 δ’
620 333 865 399 ἐνθάδε
908 334 1155 411 πάντας
1200 334 1347 417 ἄγει
1388 337 1830 418 κορυθαίολος
1856 331 2126 419 Ἕκτωρ.

237 438 398 503 ἀλλὰ
440 443 509 504 τί
544 435 586 522 ἦ
631 462 745 523 μοι
787 447 992 506 ταῦτα
1036 443 1231 524 φίλος
1277 437 1604 518 διελέξατο
1648 441 1892 524 θυμός;

238 540 461 610 ὁππότ’
503 545 668 629 ἀνὴρ
716 544 917 631 ἐθέλῃ
959 548 1123 631 πρὸς
1169 546 1453 629 δαίμονα
1497 543 1668 630 φωτὶ
1711 545 2070 629 μάχεσθαι,

235 650 310 713 ὅν
353 673 425 716 κε
467 652 627 728 θεὸς
668 659 854 737 τιμᾷ,
897 651 1062 735 τάχα
1108 652 1180 716 οἱ
1218 649 1384 735 μέγα
1431 659 1612 736 πῆμα
1654 655 1961 734 κυλίσθη.

231 763 319 842 τῷ
366 753 430 840 μ’
476 757 558 821 οὔ
600 780 702 833 τις
744 762 1038 823 Δαναῶν
1082 759 1542 842 νεμεσήσεται,
1588 757 1662 833 ὅς
1702 779 1819 822 κεν
1865 759 2082 841 ἴδηται
2127 775 2227 824 100

225 857 478 948 Ἕκτορι
521 857 915 947 χωρήσαντ’,
960 860 1099 929 ἐπεὶ
1144 863 1215 928 ἐκ
1256 864 1505 946 θεόφιν
1548 864 1893 946 πολεμίζει.

233 968 294 1031 εἰ
336 966 413 1033 δέ
450 989 581 1033 που
626 970 914 1045 Αἴαντός
953 992 1031 1051 γε
1075 969 1244 1052 βοὴν
1290 967 1573 1052 ἀγαθοῖο
1616 971 1987 1052 πυθοίμην·

234 1072 426 1156 ἄμφω
470 1069 529 1138 κ’
572 1069 757 1152 αὖτις
803 1076 1015 1150 ἰόντες
1059 1073 1586 1159 ἐπιμνησαίμεθα
1629 1075 1881 1158 χάρμης

230 1176 341 1242 καὶ
381 1180 541 1262 πρὸς
587 1180 869 1263 δαίμονά
911 1201 1063 1265 περ,
1109 1185 1177 1244 εἴ
1212 1200 1350 1257 πως
1395 1177 1799 1264 ἐρυσαίμεθα
1844 1181 2083 1266 νεκρὸν

110 1326 115 1332 -
231 1286 522 1371 Πηλεΐδῃ
559 1279 832 1369 Ἀχιλῆι·
874 1294 1093 1350 κακῶν
1140 1281 1220 1349 δέ
1256 1307 1330 1350 κε
1375 1282 1701 1370 φέρτατον
1742 1287 1908 1368 εἴη.“
2123 1302 2223 1352 105

316 1383 445 1468 εἷος
488 1391 526 1457 ὁ
570 1388 768 1456 ταῦθ’
813 1391 1098 1475 ὥρμαινε
1140 1392 1307 1456 κατὰ
1350 1388 1568 1476 φρένα
1609 1388 1720 1455 καὶ
1762 1392 1927 1456 κατὰ
1968 1394 2226 1475 θυμόν,

230 1498 441 1580 τόφρα
469 1495 531 1562 δ’
557 1493 664 1563 ἐπὶ
696 1496 944 1580 Τρώων
971 1497 1185 1581 στίχες
1208 1497 1501 1580 ἤλυθον·
1538 1491 1698 1583 ἦρχε
1727 1495 1788 1561 δ’
1814 1494 1918 1583 ἄρ’
1954 1495 2226 1581 Ἕκτωρ.

235 1602 436 1688 αὐτὰρ
483 1603 519 1668 ὅ
564 1597 633 1685 γ’
673 1600 954 1680 ἐξοπίσω
1000 1601 1371 1686 ἀνεχάζετο,
1419 1607 1598 1668 λεῖπε
1644 1599 1718 1669 δὲ
1762 1604 2028 1688 νεκρόν,

234 1706 847 1793 ἐντροπαλιζόμενος
891 1707 980 1783 ὥς
1020 1730 1093 1772 τε
1135 1705 1238 1785 λὶς
1281 1706 1650 1792 ἠυγένειος,

234 1813 310 1878 ὃν
353 1813 436 1899 ῥα
479 1815 675 1891 κύνες
715 1835 786 1879 τε
830 1810 941 1878 καὶ
986 1813 1222 1899 ἄνδρες
1266 1813 1392 1880 ἀπὸ
1439 1821 1763 1898 σταθμοῖο
1810 1816 2083 1881 δίωνται
2125 1831 2226 1880 110

236 1921 442 2003 ἔγχεσι
485 1918 597 1985 καὶ
642 1927 860 2004 φωνῇ·
902 1928 1024 1984 τοῦ
1068 1914 1130 1984 δ’
1174 1919 1246 1986 ἐν
1292 1918 1532 2006 φρεσὶν
1576 1922 1854 2004 ἄλκιμον
1897 1914 2058 2003 ἦτορ

234 2033 619 2109 παχνοῦται,
666 2023 877 2090 ἀέκων
923 2023 1003 2090 δέ
1039 2022 1097 2089 τ’
1143 2028 1259 2109 ἔβη
1305 2024 1431 2091 ἀπὸ
1477 2025 1900 2108 μεσσαύλοιο·

238 2123 322 2206 ὧς
364 2131 490 2196 ἀπὸ
536 2131 949 2215 Πατρόκλοιο
993 2131 1093 2195 κίε
1139 2129 1383 2209 ξανθὸς
1426 2127 1789 2206 Μενέλαος.

236 2246 351 2320 στῆ
397 2232 472 2302 δὲ
516 2239 1062 2320 μεταστρεφθείς,
1109 2233 1244 2302 ἐπεὶ
1292 2236 1466 2300 ἵκετο
1513 2237 1714 2310 ἔθνος
1758 2232 2064 2318 ἑταίρων,

242 2343 619 2406 παπταίνων
665 2347 920 2406 Αἴαντα
963 2339 1203 2425 μέγαν,
1256 2340 1678 2424 Τελαμώνιον
1717 2341 1885 2405 υίόν.
2124 2359 2226 2408 115

241 2449 353 2512 τὸν
398 2443 472 2512 δὲ
514 2443 666 2530 μάλ’
709 2440 849 2523 αἶψ’
893 2445 1124 2528 ἐνόησε
1169 2445 1376 2529 μάχης
1420 2440 1522 2510 ἐπ’
1559 2445 1867 2533 ἀριστερὰ
1909 2448 2123 2532 πάσης

236 2548 651 2638 θαρσύνονθ’
697 2549 968 2637 ἑτάρους
1008 2549 1119 2617 καὶ
1164 2551 1609 2635 ἐποτρύνοντα
1653 2520 2004 2637 μάχεσθαι·

234 2655 589 2724 θεσπέσιον
641 2658 768 2741 γάρ
823 2673 989 2741 σφιν
1043 2659 1260 2741 φόβον
1306 2659 1544 2742 ἔμβαλε
1593 2662 1850 2744 Φοῖβος.
1876 2653 2225 2725 Ἀπόλλων.

233 2767 314 2849 βῆ
362 2761 436 2829 δὲ
478 2760 697 2845 θέειν,
744 2757 940 2848 εἶθαρ
988 2758 1062 2828 δὲ
1103 2764 1585 2849 παριστάμενος
1629 2767 1783 2842 ἔπος
1826 2765 2028 2848 ηὔδα·

232 2865 481 2953 ,,Αἶαν,
527 2870 756 2954 δεῦρο,
801 2865 1042 2951 πέπον,
1087 2866 1237 2956 περὶ
1282 2871 1695 2956 Πατρόκλοιο
1739 2872 2072 2949 θανόντος
2126 2887 2225 2937 120

235 2976 632 3059 σπεύσομεν,
675 2981 753 3040 αἴ
788 2998 860 3040 κε
905 2970 1108 3039 νέκυν
1150 2995 1272 3055 περ
1312 2969 1598 3060 Ἀχιλλῆι
1638 2973 2076 3062 προφέρωμεν

236 3082 512 3165 γυμνόν·
559 3079 720 3165 ἀτὰρ
763 3080 845 3145 τά
888 3103 964 3163 γε
1008 3078 1215 3164 τεύχε’
1259 3083 1393 3165 ἔχει
1444 3083 1885 3164 κορυθαίολος
1913 3081 2227 3170 Ἓκτωρ.“

321 3181 410 3262 ὦς
453 3184 668 3270 ἔφατ’,
712 3191 954 3251 Αἴαντι
999 3181 1073 3251 δὲ
1119 3186 1432 3271 δαΐφρονι
1475 3188 1700 3270 θυμὸν
1746 3188 1989 3271 ὄρινεν.

237 3295 317 3376 βῆ
363 3288 438 3357 δὲ
483 3293 594 3357 διὰ
635 3292 1022 3378 προμάχων,
1067 3291 1200 3376 ἅμα
1246 3289 1320 3357 δὲ
1367 3290 1613 3371 ξανθὸς
1656 3291 2015 3371 Μενέλαος.
2081 3346 2112 3371 .,

224 3394 466 3484 Ἕκτωρ
504 3394 626 3482 μὲν
666 3399 1085 3484 Πάτροκλον,
1133 3395 1273 3463 ἐπεὶ
1306 3398 1510 3464 κλυτὰ
1543 3392 1751 3481 τεύχε’
1794 3397 2085 3482 ἀπηύρα,
2127 3414 2225 3462 125

238 3501 396 3588 ἕλχ’,
439 3498 529 3569 ἵν’
575 3501 681 3568 ἀπ’
728 3505 962 3588 ὤμοιιν
1006 3504 1302 3587 κεφαλὴν
1346 3503 1538 3586 τάμοι
1583 3500 1716 3577 ὀξέι
1760 3505 2007 3583 χαλκῷ,
