2525 3884
1020 151 1323 204 ιΛΙΔΔοΣ
1357 153 1508 207 xm.
2184 148 2265 212 17

248 295 533 370 Αἰνείας
578 292 642 360 δ’
687 290 1012 380 ἑτέρωθεν
1059 292 1352 359 ἐκέκλετο
1400 287 1500 371 οἷς
1545 292 1905 379 ἑτάροισιν,

250 402 618 484 Δηίφοβόν
662 423 733 465 τε
780 400 1002 485 Πάριν
1045 395 1101 462 τ’
1157 399 1411 485 ἐσορῶν
1454 397 1563 464 καὶ
1603 394 1926 484 Ἀγήνορα
1971 398 2270 481 δῖον,490

255 507 334 572 οῗ
373 508 443 571 οἱ
481 501 592 590 ἅμ’
642 505 958 589 ἡγεμόνες
1011 506 1258 591 Τρώων
1305 508 1498 595 ἔσαν·
1545 505 1753 588 αὐτὰρ
1798 507 2018 570 ἔπειτα

255 609 410 677 λαοὶ
454 610 719 694 ἕπονθ’,
767 611 855 688 ὡς
900 616 968 677 εἰ
1001 634 1070 677 τε
1116 613 1275 696 μετὰ
1317 615 1543 677 κτίλον
1588 609 1817 676 ἕσπετο
1863 615 2035 696 μῆλα

253 712 518 802 πιόμεν’
561 717 633 783 ἐκ
678 717 985 801 βοτάνης·
1031 719 1311 801 γάνυται
1357 712 1419 781 δ’
1462 719 1589 803 ἄρα
1632 740 1703 781 τε
1749 716 1964 802 φρένα
1997 717 2269 799 ποιμήν·

255 819 352 900 ὧς
395 825 633 909 Αἰνείᾳ
676 824 894 907 θυμὸς
938 821 1039 888 ἐνὶ
1084 826 1404 906 στήθεσσι
1445 825 1791 907 γεγήθειν,

224 930 352 1015 ,ὡς
398 931 497 994 ἴδε
544 934 722 994 λαῶν
771 932 974 1005 ἔθνος
1019 928 1461 1013 ἐπισπόμενον
1506 928 1611 994 ἑοῖ
1650 929 1849 1016 αὐτῷ.
2167 942 2271 993 496

352 1035 423 1099 οἰ
462 1033 523 1099 δ’
575 1029 741 1119 ἀμφ’
774 1032 1112 1123 Ἀλκαθόῳ
1159 1034 1561 1119 αὐτοσχεδὸν
1606 1033 2017 1118 ὡρμήθησαν

257 1138 570 1225 μακροῖσι
616 1139 934 1219 ξυστοῖσι·
978 1138 1131 1226 περὶ
1175 1144 1493 1224 στήθεσσι
1539 1138 1614 1205 δὲ
1657 1141 1896 1225 χαλκὸς

256 1244 670 1332 σμερδαλέον
713 1247 1013 1330 κονάβιζε
1058 1245 1547 1331 τιτυσκομένων
1593 1243 1745 1311 καθ’
1800 1246 2034 1330 ὅμιλον

258 1353 582 1436 ἀλλήλων.
657 1353 780 1418 δύο
827 1347 890 1416 δ’
940 1352 1179 1438 ἄνδρες
1222 1352 1445 1437 ἀρήιοι
1490 1351 1720 1435 ἔξοχον
1766 1353 2016 1435 ἄλλων,

263 1461 546 1534 Αἰνείας
589 1481 658 1523 τε
702 1456 811 1524 καὶ
851 1454 1247 1543 Ἰδομενεύς,
1296 1458 1646 1522 ἀτάλαντοι
1674 1456 1897 1542 Ἄρηι,
2168 1472 2272 1522 500

258 1558 428 1630 ἵεντ’
475 1563 775 1647 ἀλλήλων
819 1563 1081 1648 ταμέειν
1127 1567 1293 1649 χρόα
1337 1563 1524 1647 νηλέι
1561 1564 1795 1651 χαλκῷ.

257 1672 536 1746 Αἰνείας
582 1668 654 1735 δὲ
698 1680 958 1756 πρῶτος
1004 1670 1348 1736 ἀκόντισεν
1388 1667 1786 1755 Ἰδομενῆος·

259 1773 406 1842 ἀλλ’
459 1776 495 1842 ὁ
541 1772 663 1860 μὲν
708 1777 871 1841 ἄντα
919 1775 1083 1840 ἰδὼν
1125 1775 1406 1858 ἠλεύατο
1452 1776 1728 1861 χάλκεον
1775 1778 1992 1859 ἔγχος,

260 1883 463 1967 αἰχμὴ
511 1878 573 1946 δ’
625 1884 900 1947 Αἰνείαο
945 1881 1431 1967 κραδαινομένη
1476 1883 1640 1946 κατὰ
1684 1885 1874 1965 γαίης

259 1985 476 2077 ᾤχετ’,
525 1987 670 2053 ἐπεί
709 1984 770 2072 ῤ’
821 1988 1014 2052 ἅλιον
1058 1991 1369 2072 στιβαρῆς
1412 1987 1538 2052 ἀπὸ
1585 1988 1801 2072 χειρὸς
1846 1988 2144 2069 ὄρουσεν.
2166 2000 2271 2050 505

254 2093 625 2177 Ἰδομενεὺς
671 2091 733 2158 δ’
785 2095 912 2179 ἄρα
960 2094 1297 2174 Οἰνόμαον
1344 2094 1501 2177 βάλε
1545 2091 1830 2178 γαστέρα
1874 2089 2153 2175 μέσσην,

262 2199 417 2286 ῥῆξε
463 2197 536 2264 δὲ
578 2200 887 2285 θώρηκος
928 2196 1210 2283 γύαλον,
1259 2200 1371 2263 διὰ
1418 2196 1478 2263 δ’
1532 2201 1760 2282 ἔντερα
1806 2199 2040 2282 χαλκὸς

258 2301 465 2390 ἥφυσ’
484 2304 503 2340 ·’
545 2305 582 2370 ὁ
630 2299 691 2369 δ’
742 2304 816 2370 ἐν
859 2308 1121 2390 κονίῃσι
1162 2306 1386 2370 πεσὼν
1430 2304 1536 2369 ἕλε
1578 2316 1778 2386 γαῖαν
1821 2303 2094 2391 ἀγοστῷ.

253 2410 632 2495 Ἰδομενεὺς
678 2405 741 2476 δ’
792 2411 864 2476 ἐκ
908 2408 1030 2495 μὲν
1073 2409 1311 2487 νέκυος
1357 2410 1774 2494 δολιχόσκιον
1820 2413 2009 2493 ἔγχος

264 2514 601 2599 ἐσπάσατ’,
650 2514 797 2581 οὐδ’
830 2511 936 2602 ἄρ’
971 2511 1060 2581 ἔτ’
1092 2518 1259 2582 ἄλλα
1279 2558 1284 2559 ff
1306 2505 1636 2598 δυνῆσατο
1681 2517 1913 2600 τεύχεα
1955 2517 2121 2581 καλὰ
2166 2531 2271 2580 510

264 2623 502 2706 ὤμοιιν
547 2620 941 2707 ἀφελέσθαι·
988 2623 1278 2705 ἐπείγετο
1323 2625 1449 2708 γὰρ
1494 2620 1849 2706 βελέεσσιν.

262 2729 348 2792 οὐ
391 2729 520 2814 γὰρ
566 2723 655 2792 ἔτ’
708 2729 954 2811 ἔμπεδα
995 2739 1153 2811 γυῖα
1196 2730 1425 2794 ποδῶν
1470 2724 1554 2811 ἦν
1600 2726 1963 2813 ὁρμηθέντι

265 2832 405 2898 οὔτ’
457 2828 563 2919 ἄρ’
615 2832 872 2911 ἐπᾶῐξαι
917 2831 1069 2918 μεθ’
1121 2832 1233 2899 ἑὸν
1280 2833 1473 2917 βέλος
1518 2829 1655 2898 οὔτ’
1708 2832 2058 2899 ἀλέασθαι·

260 2947 353 3027 τῷ
402 2938 486 3024 ῥα
529 2937 651 3004 καὶ·
686 2939 760 3004 ἐν
804 2941 1037 3024 σταδίῃ
1084 2935 1206 3023 μὲν
1251 2938 1535 3023 ἀμύνετο
1582 2935 1809 3022 νηλεὲς
1850 2933 2056 3025 ἦμαρ,

263 3043 530 3130 τρέσσαι
577 3041 638 3108 δ’
684 3043 903 3110 οὐκέτι
939 3044 1150 3130 ῥίμφα
1186 3047 1386 3121 πόδες
1421 3043 1631 3131 φέρον
1669 3044 1740 3109 ἐκ
1784 3044 2116 3129 πολέμοιο.
2166 3061 2269 3112 515

263 3160 382 3215 τοῦ
430 3148 503 3215 δὲ·
548 3151 763 3234 βάδην
808 3149 1119 3227 ἀπιόντος
1162 3150 1464 3216 ἀκόντισε
1512 3148 1706 3235 δουρὶ
1753 3160 2005 3241 φαεινῷ

265 3259 640 3340 Δηίφοβος·
688 3258 770 3340 δὴ
816 3257 941 3343 γάρ
988 3257 1059 3321 οἰ
1097 3259 1244 3341 ἔχεν
1285 3259 1484 3322 κότον
1532 3252 1800 3340 ε’μμενὲς
1843 3258 1989 3321 αἰεί.

264 3360 406 3427 ἀλλ’
441 3363 478 3428 ὅ
504 3386 582 3445 γε
616 3360 726 3427 καὶ
752 3360 899 3428 τόθ’
935 3364 1243 3449 ἅμαρτεν,
1275 3363 1311 3429 ὁ
1343 3360 1403 3427 δ’
1425 3357 1840 3447 Ἀσκάλαφον
1867 3363 2024 3445 βάλε
2054 3364 2270 3445 δουρί,

261 3461 414 3532 υἰὸν
459 3468 822 3533 ένυαλίοιο·
869 3465 958 3532 δι’
1012 3470 1195 3553 ὤμου
1243 3463 1309 3531 δ’
1362 3470 1642 3551 ὄβριμον
1690 3470 1877 3548 ἔγχος

368 3581 569 3622 noum
594 3582 744 3622 nus.
780 3582 845 3622 11.
1922 3571 1954 3615 2
