2525 3884
256 169 341 234 20
1045 167 1347 219 ΙΛΙΑΔοΣ
1383 167 1450 219 Ν.

254 316 338 396 βῆ
387 307 448 376 δ’
501 310 934 392 ἐπαπειλήσας
969 305 1213 396 Ἑλένῳ
1259 310 1429 395 ῆρωι
1473 308 1705 372 ἄνακτι

254 411 584 500 ὀξὺδόρυ
629 415 965 500 κραδάων·
1013 414 1048 479 ὁ
1097 411 1170 479 δὲ
1213 413 1410 492 τόξου
1454 423 1672 498 πῆχυν
1717 415 2007 478 ἅνελκεν.

252 523 344 587 τὼ
393 517 455 586 δ’
507 518 634 606 ἄρ’·
666 521 1048 605 ὁμαρτήδην
1093 520 1128 585 ὁ
1176 517 1299 604 μὲν
1344 522 1522 604 ἔγχει·
1563 519 1860 598 ὀξυόεντι

254 624 369 693 ἵετ’
422 627 829 709 ἀκοντίσσαι,
879 627 914 691 ὁ
962 622 1024 690 δ’
1077 625 1203 690 ἀπὸ
1248 634 1578 711 νευρῆφιν
1625 626 1849 713 ὀιστῷ·
2160 640 2271 692 686

256 734 631 817 Πριαμίδης
676 728 796 816 μὲν
843 735 1062 797 ἔπειτα
1107 733 1271 796 κατὰ
1317 737 1565 813 στῆθος
1611 732 1812 814 βάλεν
1859 733 1935 819 ἰῷ

253 840 561 924 θώρηκος
604 840 885 922 γύαλον,
934 837 1060 902 ἀπὸ
1108 833 1168 901 δ’
1225 839 1459 902 ἔπτατο
1504 839 1735 921 πικρὸς
1780 837 2015 914 ὀιστός.

255 945 343 1021 ὡς
390 940 450 1008 δ’
503 942 596 1010 ὅτ’
651 943 776 1009 ἀπὸ
822 942 1098 1019 πλατέος
1141 945 1432 1026 πτυόφιν
1469 944 1758 1026 μεγάλην
1803 939 1944 1008 κατ’
1997 943 2219 1026 ἀλωὴν

252 1051 651 1134 θρώσκωσιν
696 1051 937 1134 κύαμοι
982 1051 1416 1134 μελανόχροες
1459 1047 1500 1131 ἢ
1548 1047 1887 1132 ἐρέβινθοι

254 1165 451 1240 πνοιῇ
496 1156 626 1221 ὕπο
672 1161 908 1240 λιγυρῇ
954 1152 1064 1220 καὶ
1109 1160 1501 1238 λικμητῆρος
1547 1153 1751 1241 ἐρωῇ,
2158 1171 2268 1221 590

255 1257 344 1338 ὧς
388 1261 514 1326 ἀπὸ
560 1263 868 1346 θώρηκος
911 1261 1263 1326 Μενελάου
1309 1262 1698 1344 κυδαλίμοιο
1757 1246 1764 1249 ’

253 1370 507 1433 πολλὸν
553 1365 1043 1452 ἀποπλαγχθεὶς
1089 1366 1236 1444 ἑκὰς
1282 1370 1516 1432 ἔπτατο
1561 1367 1792 1454 πικρὸς
1837 1367 2070 1444 ὀιστός.

248 1470 579 1558 Ἀτρεΐδης
624 1471 686 1538 δ’
738 1476 867 1559 ἄρα
913 1485 1127 1559 χεῖρα,
1174 1474 1342 1557 βοὴν
1389 1473 1641 1556 ἀγαθὸς
1685 1471 2058 1557 Μενέλαος,

253 1579 376 1662 τὴν
422 1580 653 1663 βάλεν,
700 1572 742 1665 ᾗ
792 1577 854 1664 ῤ’
910 1583 1013 1664 ἔχε
1057 1578 1252 1657 τόξον
1300 1578 1556 1656 ἐύξοον·
1604 1578 1677 1644 ἐν
1723 1575 1784 1643 δ’
1836 1581 1964 1664 ἄρα
2008 1577 2173 1666 τόξῳ

254 1684 563 1769 ἀντικρὺς
609 1686 720 1749 διὰ
764 1687 982 1769 χειρὸς
1028 1684 1301 1767 ἐλήλατο
1340 1685 1616 1768 χάλκεον
1663 1688 1865 1769 ἔγχος.
2158 1700 2263 1750 695

253 1789 346 1868 ἂψ
395 1784 456 1855 δ’
509 1789 758 1874 ἑτάρων
805 1792 898 1866 εἰς
944 1793 1144 1866 ἔθνος
1189 1790 1442 1873 ἐχάζετο
1487 1787 1633 1874 κῆρ’
1687 1791 2031 1874 ἀλεείνων,

251 1907 437 1981 χεῖρα
482 1896 1010 1981 παρακρεμάσας·
1056 1897 1130 1960 τὸ
1178 1896 1249 1960 δ’
1300 1894 1604 1979 ἐφέλκετο
1651 1900 1950 1980 μείλινον
1996 1899 2227 1980 ἔγχος.,

251 1999 361 2066 καὶ
404 2003 479 2067 τὸ
526 1999 648 2086 μὲν
695 2002 766 2067 ἐκ
808 2004 1025 2086 χειρὸς
1070 2004 1306 2085 ἔρυσεν
1350 2003 1734 2086 μεγάθυμος
1762 2000 2082 2090 Ἀγήνωρ,

255 2108 464 2191 αὐτὴν
513 2105 585 2172 δὲ
633 2107 992 2192 ξυνέδησεν
1039 2107 1383 2195 ἐυστρόφῳ
1433 2109 1571 2184 οἰὸς
1615 2107 1837 2195 ἀώτῳ,

254 2215 616 2299 σφενδόνῃ,
662 2214 748 2296 ἣν
795 2215 922 2298 ἄρα
969 2214 1039 2278 οὗ
1078 2213 1394 2298 θεράπων
1439 2216 1542 2297 ἔχε
1586 2212 1850 2298 ποιμένι
1896 2219 2092 2279 λαῶν.
2158 2230 2261 2297 600

342 2319 761 2402 Πείσανδρος
809 2317 869 2384 δ’
925 2322 1080 2396 ἰθὺς
1123 2319 1477 2384 Μενελάου
1520 2321 1910 2403 κυδαλίμοιο

250 2425 380 2507 ἤιε·
426 2425 544 2489 τὸν
591 2418 653 2488 δ’
704 2425 823 2507 ἄγε
868 2435 1066 2509 μοῖρα
1111 2426 1292 2508 κακὴ
1321 2425 1643 2490 θανάτοιο
1687 2422 1978 2508 τέλοσδε,

253 2534 390 2613 σοί,
438 2528 773 2611 Μενέλαε,
823 2530 1107 2614 δαμῆναι
1154 2530 1226 2595 ἐν
1273 2532 1423 2615 αἰνῇ
1471 2532 1781 2614 δηιοτῆτι.

253 2637 324 2701 οί
366 2633 426 2700 δ’
479 2637 586 2702 ὅτε
634 2637 715 2718 δὴ
764 2636 1001 2720 σχεδὸν
1047 2631 1217 2718 ἦσαν
1264 2631 1361 2701 ἐπ’
1413 2636 1797 2720 ἀλλήλοισιν
1845 2640 2083 2721 ἰόντες,

246 2739 576 2826 Ἀτρεΐδης
623 2739 742 2826 μὲν
788 2742 1063 2828 ἅμαρτε,
1108 2739 1313 2826 παραὶ
1359 2742 1438 2807 δέ
1479 2743 1549 2807 οὗ
1590 2740 1878 2827 ἐτράπετ’
1914 2746 2129 2828 ἔγχος,
2158 2761 2259 2810 605

254 2849 671 2932 Πείσανδρος
718 2845 791 2913 δὲ
839 2848 1037 2924 σάκος
1071 2848 1424 2913 Μενελάου
1468 2849 1856 2934 κυδαλίμοιο

254 2954 567 3038 οὔτασεν,
618 2951 778 3019 οὐδὲ
826 2956 1064 3039 διαπρὸ
1115 2955 1448 3038 δυνήσατο
1493 2956 1737 3039 χαλκὸν
1775 2956 2067 3021 ἐλάσσαι·

254 3061 488 3142 ἔσχεθε
533 3061 659 3144 γάρ
707 3061 906 3136 σάκος
952 3059 1133 3144 εὐρύ,
1179 3061 1590 3144 κατεκλάσθη
1640 3058 1701 3127 δ’
1755 3060 1853 3127 ἐνὶ
1898 3069 2119 3151 καυλῷ

255 3166 470 3249 ἔγχος·
519 3165 554 3230 ὁ
602 3162 676 3230 δὲ
722 3163 961 3250 φρεσὶν
1005 3156 1121 3250 ᾗσι
1165 3166 1331 3250 χάρη
1377 3165 1487 3232 καὶ
1534 3165 1792 3233 ἐέλπετο
1837 3172 2048 3253 νίκην.

247 3266 578 3353 Ἀτρεΐδης
623 3266 697 3335 δε
745 3271 1185 3357 ἐρυσσάμενος
1232 3271 1422 3356 ξίφος
1467 3271 1883 3359 ἀργυρόηλον
2157 3292 2260 3341 610

255 3370 393 3441 ἆλτ’
447 3373 553 3441 ἐπὶ
599 3377 1024 3464 Πεισάνδρῳ·
1063 3377 1098 3442 ὁ
1148 3374 1208 3441 δ’
1261 3374 1374 3442 ὑπ’
1428 3378 1702 3456 ἀσπίδος
1748 3380 1953 3446 ειλετο
2000 3384 2208 3518 καλὴν

257 3480 491 3565 ἀξίνην
539 3481 880 3567 ἐύχαλκον,
929 3483 1166 3569 ἐλαΐνῳ
1213 3481 1380 3567 ἀμφὶ
1418 3481 1705 3570 πελέκκῳ
