2525 3884
1019 173 1320 227 ΙΔΙΑΔοΣ
1357 176 1498 228 xlv.
2176 175 2262 239 39

243 312 341 390 ὣς
385 311 505 379 σέο
552 322 678 379 νῦν
713 316 950 399 ἔραμαι
991 318 1109 380 καί
1137 340 1218 400 με
1261 319 1509 399 γλυκὺς
1551 316 1775 403 ἵμερος
1817 319 2053 404 αἰρεῖ.“

336 421 462 485 τὸν
510 417 584 485 δὲ
630 420 1175 507 δολοφρονέουσα
1208 423 1558 509 προσηύδα
1600 427 1837 490 πότνια
1865 423 2069 511 “Ηρη·

242 527 603 609 ,,αἰνότατε
645 529 976 614 Κρονίδη,
1021 539 1220 594 ποῖον
1263 530 1383 594 τὸν
1419 535 1646 614 μῦθον
1691 533 1914 609 ἔειπες.
2157 546 2261 595 380

243 633 314 697 εἰ
355 641 488 697 νῦν
533 632 610 699 ἔν
654 636 958 718 φιλότητι
1002 638 1285 701 λιλαίεαι
1329 635 1702 720 εὐνηθῆναι

222 737 423 821 Ἴδης
467 739 542 805 ἐν
584 747 948 826 κορυφῇσι,
993 742 1074 805 τὰ
1121 738 1195 806 δὲ
1237 740 1699 828 προπέφανται
1742 742 2020 807 ἅπαντα·

238 855 394 922 πῶς
427 840 489 910 κ’
541 848 671 930 ἔοι,
719 851 785 912 εἴ
818 869 919 924 τις
961 856 1086 912 νῶι
1129 852 1318 913 θεῶν
1363 849 1820 933 αἰειγενετάων

243 946 517 1017 εὕδοντ’
567 952 910 1038 ἀθρήσειε,
955 960 1178 1019 θεοῖσι
1222 949 1300 1019 δὲ
1342 962 1502 1020 πᾶσι
1544 955 1885 1039 μετελθὼν

246 1058 619 1144 πεφράδοι;
668 1058 791 1123 οὐκ
816 1056 901 1123 ἂν
930 1057 1058 1141 ἐγώ
1086 1082 1162 1141 γε
1205 1060 1361 1126 τεὸν
1386 1061 1552 1146 πρὸς
1596 1061 1783 1144 δῶμα
1820 1062 2098 1143 νεοίμην
2154 1075 2259 1125 335

248 1162 319 1242 ἐξ
367 1163 564 1248 εὐνῆς
606 1163 919 1247 ἀνστᾶσα,
962 1167 1369 1250 νεμεσσητὸν
1415 1165 1495 1232 δέ
1531 1189 1648 1231 κεν
1692 1171 1811 1249 εἴη.

251 1266 398 1334 ἀλλ’
454 1272 516 1335 εἰ
556 1271 641 1353 δή
685 1264 749 1356 ῤ’
800 1268 1052 1348 ἐθέλεις
1093 1275 1211 1336 καί
1245 1294 1352 1336 τοι
1395 1274 1599 1356 φίλον
1644 1273 1870 1338 ἔπλετο
1914 1273 2143 1360 θυμῷ,

120 1441 136 1450 ,
251 1377 437 1441 ἔστιν
481 1398 585 1441 τοι
629 1376 965 1460 θάλαμος,
1010 1379 1130 1442 τόν
1172 1398 1280 1441 τοι
1325 1380 1520 1461 φίλος
1562 1378 1709 1453 υίὸς
1753 1376 2010 1456 ἔτευξεν

230 1479 637 1566 ”Ηφαιστος,
682 1483 963 1559 πυκινὰς
1007 1478 1082 1548 δὲ
1112 1454 1345 1568 θύρας
1388 1487 1784 1566 σταθμοῖσιν
1829 1482 2134 1567 ἐπῆρσεν·

250 1584 408 1652 ἔνθ’
460 1592 651 1671 ἴομεν
693 1590 1012 1671 κείοντες,
1060 1586 1206 1653 ἐπεί
1243 1589 1331 1653 νύ
1374 1610 1479 1654 τοι
1524 1588 1763 1654 εὔαδεν
1808 1587 2033 1672 εὐνή.“
2154 1606 2257 1656 340

340 1693 463 1776 τὴν
508 1688 569 1757 δ’
622 1691 1146 1778 ἀπαμειβόμενος
1188 1691 1491 1779 προσέφη
1537 1694 2017 1781 νεφεληγερέτα
2062 1697 2257 1773 Ζεύς·

245 1796 489 1885 ,ξἨρη,
535 1799 694 1882 μήτε
737 1804 921 1863 θεῶν
963 1801 1040 1863 τό
1084 1822 1161 1882 γε
1208 1800 1460 1865 δείδιθι
1504 1801 1664 1884 μήτε
1707 1801 1845 1866 τιν’
1893 1801 2160 1888 ἀνδρῶν

246 1906 566 1983 ὄψεσθαι·
600 1907 787 1970 τοῖόν
828 1927 933 1970 τοι
976 1903 1106 1989 ἐγὼ
1149 1903 1356 1991 νέφος
1400 1905 1841 1991 ἀμφικαλύψω

244 2011 561 2095 χρύσεον·
608 2005 754 2075 οὐδ’
805 2008 888 2075 ἀν
932 2020 1058 2076 νῶι
1102 2011 1450 2098 διαδράκοι
1486 2009 1743 2088 Ἠέλιός
1785 2033 1940 2096 περ,

246 2111 340 2181 οὗ
382 2139 452 2181 τε
495 2114 605 2182 καὶ
650 2116 967 2196 ὀξύτατον
1011 2115 1275 2183 πέλεται
1320 2118 1493 2203 φάος
1538 2117 2039 2203 εἰσοράασθαι.“
2152 2136 2256 2186 345

241 2228 245 2232 ’
342 2217 385 2304 ἦ
413 2221 497 2307 ῥα
521 2220 632 2288 καὶ
667 2222 871 2307 ἀγκὰς
908 2223 1187 2308 ἔμαρπτε
1217 2226 1490 2307 Κρόνου
1525 2233 1678 2300 παῖς
1703 2222 1790 2307 ἣν
1815 2222 2221 2309 παράκοιτιν·

245 2337 428 2391 τοῖσι
472 2323 535 2391 δ’
585 2325 714 2391 ὑπὸ
761 2325 952 2411 χθὼν
997 2326 1108 2391 δῖα
1153 2328 1331 2412 φύεν
1373 2326 1700 2412 νεοθηλέα
1743 2331 1973 2414 ποίην,

247 2433 466 2497 λωτόν
507 2427 582 2497 θ’
635 2429 957 2517 ἑρσήεντα
1004 2429 1106 2498 ίδὲ
1148 2435 1394 2518 κρόκον
1437 2430 1545 2517 ἠδ’
1595 2433 1927 2501 ὑάκινθον

246 2538 508 2603 πυκνὸν
551 2536 662 2603 καὶ
706 2541 1029 2623 μαλακόν,
1077 2538 1151 2616 ὃς
1194 2538 1323 2606 ἀπὸ
1365 2541 1616 2625 χθονὸς
1659 2537 1858 2619 τῖνψόσ’
1911 2543 2153 2628 ἔεργεν.

250 2651 347 2731 τῷ
395 2646 496 2709 ἔνι
540 2644 902 2729 λεξάσθην,
950 2643 1056 2711 ἐπὶ
1101 2642 1177 2711 δὲ
1220 2645 1511 2732 νεφέλην
1556 2645 1835 2713 ἕσσαντο
2151 2663 2256 2714 350

248 2750 461 2834 καλὴν
494 2754 838 2835 χρυσείην·
885 2748 1190 2816 στιλπναὶ
1236 2750 1300 2817 δ’
1343 2750 1708 2819 ἀπέπιπτον
1755 2755 1989 2839 ἔερσαι.

342 2850 431 2933 ὥς
473 2856 510 2922 ὁ
557 2852 678 2941 μὲν
723 2853 1004 2941 ἀτρέμας
1048 2850 1202 2921 εὗδε
1244 2857 1461 2943 πατὴρ
1509 2858 1638 2923 ἀνά
1682 2857 2006 2945 Γαργάρῳ
2051 2860 2252 2950 ἄκρῳ,

248 2961 440 3050 ὕπνῳ
483 2959 595 3027 καὶ
640 2964 945 3047 φιλότητι
991 2962 1246 3046 δαμείς,
1294 2963 1426 3047 ἔχε’
1447 2959 1510 3027 δ’
1562 2962 1765 3046 ἀγκὰς
1810 2963 2087 3029 ἄκοιτιν·

250 3070 335 3152 βῆ
383 3063 459 3134 δὲ
502 3065 689 3134 θέειν
737 3064 842 3132 ἐπὶ
885 3075 1049 3151 νῆας
1089 3063 1366 3152 Ἀχαιῶν
1410 3069 1707 3153 νήδυμος
1734 3065 1977 3146 Ὕπνος

251 3174 562 3258 ἀγγελίην
608 3171 811 3259 ἐρέων
855 3175 1144 3261 γαιηόχῳ
1192 3172 1603 3262 ἐννοσιγαίῳ.
2150 3193 2255 3243 356

249 3280 458 3366 ἀγχοῦ
505 3275 569 3346 δ’
621 3280 964 3366 ἱστάμενος
1009 3282 1163 3346 ἔπεα
1208 3283 1566 3365 πτερόεντα
1611 3279 1982 3367 προσηύδα·

251 3389 623 3473 ,,πρόφρων
666 3394 797 3452 νῦν
842 3390 1206 3467 Δαναοῖσι,
1255 3385 1682 3467 Ποσειδάων,
1731 3385 2052 3470 ἐπάμυνε,

252 3496 363 3560 καί
395 3509 561 3577 σφιν
604 3491 808 3567 κῦδος
852 3492 1049 3569 ὄπαζε
1094 3489 1395 3574 μίνυνθά
1437 3511 1590 3572 περ,
1637 3483 1796 3571 ὄφρ’
1848 3490 1944 3551 ἔτι
1989 3489 2167 3550 εὕδει
