2525 3884
1047 188 1355 239 ΙΛΙΑΔοΣ
1391 189 1551 241 xm.
2202 187 2287 251 15

260 324 418 397 ἔνθ’
469 332 808 414 Αἰσυήταο
857 327 1244 415 διοτρεφέος
1289 333 1491 412 φίλον
1536 331 1720 413 υἱόν,

259 432 432 520 ἥρω’
478 433 847 501 Ἀλκάθοον
892 473 979 483 -
1022 436 1320 520 γαμβρὸς
1365 432 1427 500 δ’
1479 431 1563 520 ἦν
1603 430 1935 520 Ἀγχίσαο,

262 542 729 628 πρεσβυτάτην
776 538 840 604 δ’
896 542 1099 607 ὤπυιε
1143 548 1507 626 θυγατρῶν
1544 538 2041 625 Ἱπποδάμειαν,

261 649 391 732 τὴν
436 645 589 733 περὶ
633 656 787 732 κῆρι
833 650 1074 732 φίλησε
1120 649 1334 732 πατὴρ
1378 645 1490 712 καὶ
1533 649 1769 712 πότνια
1815 649 2028 731 μήτηρ
2178 664 2285 712 430

266 754 343 820 ἐν
380 754 673 840 μεγάρῳ·
718 761 938 818 πᾶσαν
983 755 1108 839 γὰρ
1155 754 1505 838 ὁμηλικίην
1551 750 1861 818 ἐκέκαστο

263 861 498 925 κάλλει·
537 857 647 924 καὶ
692 861 989 942 ἔργοισιν
1036 855 1135 923 ἰδὲ
1181 863 1403 946 φρεσί·
1451 860 1732 924 τούνεκα
1775 861 1893 924 καί
1930 882 2046 943 μιν

264 975 478 1050 γῆμεν
521 965 690 1050 ἀνὴρ
736 966 1013 1050 ὤριστος
1057 963 1159 1030 ἐνὶ
1210 968 1413 1051 Τροίῃ
1462 964 1710 1051 εὐρείῃ·
1760 1002 1836 1013 -

264 1073 389 1137 τὸν
433 1066 582 1137 τόθ’
634 1065 749 1136 ὑπ’
792 1067 1119 1156 Ἰδομενῆι
1166 1072 1562 1137 Ποσειδάων
1608 1072 1978 1156 ἐδάμασσεν

264 1175 511 1256 θέλξας
557 1181 714 1244 ὄσσε
759 1177 1031 1263 φαεινά,
1077 1175 1323 1260 πέδησε
1370 1174 1443 1243 δὲ
1489 1180 1774 1262 φαίδιμα
1819 1189 2002 1261 γυῖα·
2181 1190 2287 1240 435

269 1285 426 1350 οὔτε
467 1285 595 1368 γὰρ
641 1283 919 1363 ἐξοπίσω
966 1281 1244 1368 φυγέειν
1292 1279 1521 1349 δύνατ’
1562 1279 1712 1348 οὔτ’
1764 1279 2118 1365 ἀλέασθαι,

268 1385 416 1455 ἀλλ’
467 1391 556 1467 ὥς
598 1414 668 1456 τε
714 1393 962 1474 στήλην
1008 1389 1050 1474 ἢ
1099 1388 1420 1473 δένδρεον
1465 1386 1872 1473 ὑψιπέτηλον

268 1493 552 1582 ἀτρέμας
596 1494 870 1562 ἑσταότα
914 1502 1162 1579 στῆθος
1206 1494 1411 1580 μέσον
1456 1496 1695 1561 οὔτασε
1742 1493 1936 1580 δουρὶ

258 1602 449 1692 ,ἥρως
489 1599 883 1686 Ἰδομενεύς,
931 1601 1128 1687 ῥῆξεν
1174 1599 1254 1667 δέ
1295 1603 1367 1667 οἰ
1407 1600 1577 1687 ἀμφὶ
1622 1612 1867 1685 χιτῶνα

268 1709 571 1794 χάλκεον,
618 1709 692 1785 ὅς
737 1708 808 1773 οἱ
846 1710 1148 1793 πρόσθεν
1194 1708 1322 1772 ἀπὸ
1368 1708 1567 1793 χροὸς
1610 1708 1796 1793 ἤρκει
1842 1709 2159 1792 ὄλεθρον·
2180 1719 2286 1769 440

273 1816 358 1899 δὴ
403 1817 550 1880 τότε
594 1807 658 1897 γ’
708 1808 879 1879 αὖον
924 1815 1129 1879 ἅυσεν
1176 1813 1588 1899 ἐρεικόμενος
1631 1810 1781 1898 περὶ
1827 1814 2039 1899 δουρί.

273 1922 614 2005 δούπησεν
660 1916 735 1985 δὲ
777 1921 1027 2002 πεσών,
1077 1920 1244 2007 δόρυ
1293 1915 1355 1982 δ’
1409 1919 1483 1984 ἐν
1527 1919 1767 2004 κραδίῃ
1815 1917 2197 2000 ἐπεπήγειν,

270 2030 315 2112 ἥ
361 2028 445 2113 ῥά
491 2028 563 2092 οἱ
601 2026 1015 2111 ἀσπαίρουσα
1058 2022 1170 2089 καὶ
1215 2023 1535 2110 οὐρίαχον
1580 2021 1918 2106 πελέμιζεν

275 2136 525 2219 ἔγχεος·
571 2133 740 2196 ἔνθα
787 2126 848 2195 δ’
902 2124 1099 2194 ἔπειτ’
1149 2129 1335 2214 ἀφίει
1379 2127 1577 2213 με’νος
1622 2129 1896 2211 ὄβριμος
1921 2124 2141 2209 ”Αρης.

267 2235 641 2323 Ἰδομενεὺς
686 2234 745 2301 δ’
800 2239 1132 2318 ἔκπαγλον
1178 2234 1490 2312 ἐπεύξατο
1545 2232 1800 2317 μακρὸν
1846 2230 2073 2307 ἀύσας·
2179 2247 2288 2296 445

276 2338 647 2429 ,,Δηίφοβ’,
689 2337 732 2426 ἦ
778 2342 906 2427 ἄρα
951 2342 1034 2425 δή
1078 2364 1142 2405 τι
1189 2341 1492 2424 ἐίσκομεν
1537 2337 1726 2416 ἄξιον
1771 2332 1943 2403 εἶναι

277 2461 452 2537 τρεῖς
496 2448 645 2525 ἑνὸς
689 2446 836 2513 ἀντὶ
881 2447 1253 2531 πεφάσθαι;
1312 2443 1451 2511 ἐπεὶ
1495 2446 1580 2511 σύ
1623 2465 1746 2530 περ
1794 2444 2013 2528 εὔχεαι
2059 2443 2286 2519 οὕτως·

280 2549 593 2640 δαιμόνι’,
641 2554 805 2619 ἀλλὰ
847 2550 958 2620 καὶ
1005 2553 1201 2629 αὐτὸς
1245 2551 1553 2618 ἐναντίον
1598 2544 1815 2616 ἵστασ’
1867 2549 2074 2633 ἐμεῖο,

280 2665 455 2749 ὄφρα
502 2662 644 2747 ἴδῃ,
691 2653 830 2736 οἷος
875 2661 1090 2742 Ζηνὸς
1132 2661 1333 2744 γόνος
1378 2654 1610 2724 ἐνθάδ’
1665 2656 1898 2738 ἱκάνω,

283 2769 352 2846 ὃς
394 2777 658 2854 πρῶτον
701 2769 948 2831 Μίνωα
991 2763 1134 2830 τέκε
1177 2767 1405 2851 Κρήτῃ
1452 2765 1793 2847 ἐπίουρον·
2180 2776 2287 2826 460

282 2877 517 2950 Μίνως
563 2869 623 2937 δ’
676 2866 763 2936 αὐ
806 2867 1023 2936 τέκεθ’
1073 2871 1227 2936 υἱὸν
1273 2870 1578 2955 ἀμύμονα
1622 2869 2087 2949 Δευκαλίωνα,

285 2982 671 3046 Δευκαλίων
717 2974 778 3042 δ’
831 2973 942 3062 ἐμὲ
986 2980 1159 3041 τίκτε
1202 2972 1468 3042 πολέσσ’
1521 2974 1878 3058 ἄνδρεσσιν
1922 2974 2171 3036 ἄνακτα

280 3088 507 3174 Κρήτῃ
554 3086 628 3151 ἐν
675 3083 923 3170 εὐρείῃ·
968 3090 1098 3148 νῦν
1144 3079 1206 3147 δ’
1258 3081 1504 3147 ἐνθάδε
1547 3088 1699 3163 νῆες
1744 3082 2006 3144 ἔνεικαν

283 3196 395 3258 σοί
431 3215 503 3257 τε
545 3191 751 3256 κακὸν
795 3186 906 3253 καὶ
950 3185 1146 3273 πατρὶ
1189 3185 1301 3253 καὶ
1346 3188 1605 3251 ἄλλοισι
1656 3184 2056 3270 Τρώεσσιν.“
2193 3240 2197 3244 Α

368 3292 458 3375 ὧς
502 3297 705 3382 φάτο,
753 3298 1101 3379 Δηίφοβος
1145 3289 1219 3358 δὲ
1266 3293 1572 3376 διάνδιχα
1617 3289 2040 3376 μερμήριξεν,
2180 3303 2281 3351 455

282 3406 321 3488 ἤ
364 3404 515 3469 τινά
558 3424 690 3469 που
743 3403 988 3486 Τρώων
1033 3398 1447 3484 ἑταρίσσαιτο
1492 3398 1896 3480 μεγαθύμων

284 3510 373 3590 ἂψ
420 3509 879 3594 ἀναχωρήσας,
924 3501 965 3589 ἦ
1012 3508 1391 3589 πειρήσαιτο
1435 3499 1545 3565 καὶ
1591 3494 1745 3572 οἶος.
