2525 3884
1030 238 1336 291 ῙΛῙΑΔοΣ
1370 239 1565 292 xxlv.
2166 234 2293 300 261

292 378 435 446 ἀλλ’
479 380 601 466 οὐχ
641 377 949 465 Ἑρμείαν
994 380 1332 465 ἐριούνιον
1376 381 1586 457 ὕπνος
1630 382 1983 466 ἔμαρπτεν,

290 483 674 571 ὁρμαίνοντ’
718 485 847 551 ἀνὰ
889 488 1146 569 θυμόν,
1194 486 1372 563 ὅπως
1416 489 1725 570 Πρίαμον
1771 488 2052 568 βασιλῆα
2196 500 2303 551 680

287 602 472 675 νηῶν
519 590 863 677 ἐκπέμψειε
908 593 1141 657 λαθὼν
1189 592 1409 677 ἱεροὺς
1451 592 1863 677 πυλαωρούς.

289 706 409 780 στῆ
458 693 520 762 δ’
552 697 660 782 ἄρ’
702 694 867 782 ὑπὲρ
913 703 1201 782 κεφαλῆς
1254 702 1372 764 καί
1418 721 1533 782 μιν
1577 698 1743 782 πρὸς
1787 703 2012 781 μῦθον
2058 699 2303 762 ἔειπεν·

288 798 388 886 ,,ὦ
426 802 659 889 γέρον,
699 804 782 868 οὔ
821 804 904 868 νύ
938 826 1003 868 τι
1036 807 1151 869 σοί
1178 828 1255 887 γε
1283 802 1464 889 μέλει
1488 807 1725 887 κακόν,
1765 795 1912 868 οἷον
1940 800 2044 868 ἔθ’
2088 802 2303 879 εὕδεις

291 908 618 995 ἀνδράσιν
664 909 738 975 ἐν
784 911 1105 993 δηίοισιν,
1154 909 1302 975 ἐπεί
1339 904 1399 975 σ’
1444 915 1664 975 εἴασεν
1702 902 2048 993 Ἀχιλλεύς.

289 1011 401 1079 καὶ
440 1022 568 1080 νῦν
608 1012 733 1100 μὲν
772 1020 976 1101 φίλον
1015 1015 1169 1080 υἱὸν
1213 1014 1487 1099 ἐλύσαο,
1529 1016 1738 1082 πολλὰ
1780 1009 1842 1079 δ’
1885 1014 2156 1090 ἔδωκας·
2197 1029 2303 1079 685

293 1130 433 1186 σεῖο
481 1119 561 1185 δέ
599 1145 673 1187 κε
720 1124 890 1200 ζωοῦ
934 1118 1045 1185 καὶ
1087 1118 1229 1206 τρὶς
1272 1124 1436 1185 τόσα
1483 1123 1666 1186 δοῖεν
1710 1122 1952 1185 ἄποινα

289 1227 520 1303 παῖδες
562 1225 668 1291 τοὶ
712 1227 1071 1310 μετόπισθε
1115 1230 1556 1310 λελειμμένοι,
1604 1230 1681 1290 αἴ
1714 1222 1774 1290 κ’
1820 1223 2244 1310 Ἀγαμέμνων

289 1331 470 1416 γνώῃ
518 1327 582 1395 σ’
626 1328 989 1417 Ἀτρεΐδης,
1032 1332 1300 1415 γνώωσι
1346 1328 1420 1396 δὲ
1464 1331 1702 1407 πάντες
1739 1327 2052 1415 Ἀχαιοί.“

379 1430 469 1512 ὦς
513 1431 728 1521 ἔφατ’,
775 1438 1030 1503 ἔδεισεν
1077 1433 1140 1502 δ’
1183 1437 1219 1504 ὁ
1255 1436 1502 1522 γέρων,
1551 1439 1807 1521 κήρυκα
1855 1432 1920 1500 δ’
1961 1436 2213 1520 ἀνίστη.

290 1551 506 1606 τοῖσιν
553 1539 615 1607 δ’
658 1539 958 1628 Ἑρμείας
1005 1538 1168 1622 ζεῦξ’
1210 1543 1452 1620 ἵππους
1495 1543 1815 1627 ἡμιόνους
1857 1564 1959 1625 τε,
2198 1559 2303 1609 690

294 1646 508 1732 ῥίμφα
537 1642 598 1712 δ’
621 1645 730 1735 ἄρ’
755 1649 953 1726 αὐτὸς
980 1652 1216 1715 ἔλαυνε
1241 1651 1406 1714 κατὰ
1433 1651 1744 1735 στρατόν,
1784 1646 1949 1714 οὐδέ
1986 1671 2087 1725 τις
2113 1651 2302 1732 ἔγνω.

294 1748 436 1817 ἀλλ’
480 1754 588 1819 ὅτε
636 1755 718 1838 δὴ
764 1756 978 1839 πόρον
1024 1748 1168 1833 ἷξον
1213 1754 1509 1842 ἐυρρεῖος
1551 1765 1900 1840 ποταμοῖο,

294 1857 598 1940 [Ξάνθου
647 1861 1019 1944 δινήεντος,
1067 1860 1146 1926 ὃν
1191 1861 1528 1938 ἀθάνατος
1570 1859 1789 1927 τέκετο
1838 1861 2007 1938 Ζεύς
2017 1863 2065 1944 ,]

297 1959 597 2048 Ἑρμείας
640 1963 763 2050 μὲν
808 1961 1006 2032 ἔπειτ’
1048 1965 1254 2051 ἀπέβη
1302 1969 1466 2054 πρὸς
1511 1968 1767 2053 μακρὸν
1784 1965 2153 2051 Ὄλυμπον,

291 2068 425 2151 ἠὼς
471 2066 545 2135 δὲ
587 2074 1032 2158 κροκόπεπλος
1078 2074 1382 2139 ἐκίδνατο
1426 2081 1645 2137 πᾶσαν
1690 2069 1788 2137 ἐπ’
1843 2066 2027 2154 αἶαν,
2197 2087 2302 2136 695

295 2175 364 2240 οἰ
404 2171 469 2240 δ’
512 2178 607 2254 εἰς
650 2179 815 2245 ἄστυ
860 2182 1031 2244 ἔλων
1079 2181 1330 2263 οἰμωγῇ
1374 2201 1446 2244 τε
1489 2186 1776 2263 στοναχῇ
1819 2200 1891 2242 τε

292 2283 562 2366 ἵππους,
607 2283 875 2369 ἡμίονοι
921 2281 996 2349 δὲ
1039 2283 1242 2349 νέκυν
1288 2281 1516 2369 φέρον.
1606 2281 1772 2349 οὐδέ
1810 2305 1908 2360 τις
1955 2284 2153 2359 ἄλλος

293 2390 461 2471 ἔγνω
506 2385 751 2473 πρόσθ’
793 2390 1063 2481 ἀνδρῶν
1107 2389 1528 2467 καλλιζώνων
1570 2411 1642 2454 τε
1685 2399 2050 2472 γυναικῶν,

293 2488 437 2558 ἀλλ’
480 2493 607 2579 ἄρα
650 2495 1089 2580 Κασσάνδρη,
1137 2493 1316 2578 ἰκέλη
1362 2492 1606 2579 χρυσέῃ
1649 2489 2035 2579 Ἀφροδίτη,

291 2595 655 2684 Πέργαμον
700 2600 1104 2683 εἰσαναβᾶσα
1148 2603 1352 2684 φίλον
1395 2594 1620 2685 πατέρ’
1662 2601 2039 2682 εἰσενόησεν
2199 2616 2302 2665 ‘100

293 2699 551 2770 ἑστεῶτ’
594 2704 668 2770 ἐν
715 2706 965 2793 δίφρῳ,
1009 2706 1264 2790 κήρυκά
1307 2729 1378 2771 τε
1422 2705 1880 2790 ἀστυβοώτην·

290 2820 410 2875 τὸν
456 2805 519 2874 δ’
561 2805 666 2896 ἄρ’
709 2808 815 2895 ἐφ’
867 2811 1163 2894 ἡμιόνων
1209 2812 1313 2877 ἴδε
1356 2815 1662 2897 κείμενον
1709 2812 1782 2877 έν
1830 2810 2178 2896 λεχέεσσιν.

290 2916 587 2982 κώκυσέν
630 2912 690 2981 τ’
732 2913 839 3002 ἄρ’
885 2920 1105 2984 ἔπειτα
1148 2915 1404 3001 γέγωνέ
1441 2940 1513 2983 τε
1557 2926 1689 2982 πᾶν
1733 2918 1897 2982 κατὰ
1941 2918 2133 2983 ἄστυ·

292 3022 618 3106 ,,ὄψεσθε,
674 3027 892 3108 Τρῶες
935 3020 1046 3088 καὶ
1097 3024 1434 3112 Τρῳάδες,
1478 3017 1737 3109 Ἕκτορ’
1781 3024 2022 3107 ἰόντες,

295 3130 363 3191 εἴ
399 3147 554 3192 ποτε
596 3126 710 3194 καὶ
756 3129 988 3208 ζώοντι
1032 3128 1240 3214 μάχης
1285 3128 1754 3212 ἐκνοστήσαντι
2198 3145 2301 3196 705

292 3229 564 3317 χαίρετ’,
611 3232 751 3300 ἐπεὶ
794 3232 961 3320 μέγα
1005 3236 1223 3321 χάρμα
1258 3237 1447 3301 πόλει
1482 3232 1539 3299 τ’
1573 3230 1658 3318 ἦν
1702 3238 1907 3300 παντί
1944 3258 2014 3300 τε
2052 3233 2302 3321 δήμω.“

382 3331 472 3414 ώς
516 3333 729 3422 ἔφατ’,
778 3338 943 3407 οὐδέ
980 3363 1081 3418 τις
1126 3334 1362 3406 αὐτόθ’
1405 3338 1506 3407 ἐνὶ
1549 3343 1780 3408 πτόλεϊ
1821 3334 2025 3405 λίπετ’
2068 3339 2236 3424 ἀνὴρ

294 3440 453 3510 οὐδὲ
499 3446 700 3527 γυνή·
746 3446 993 3523 πάντας
1035 3448 1162 3531 γὰρ
1209 3446 1529 3531 ἀάσχετον
1575 3447 1749 3512 ἵκετο
1793 3444 2069 3519 πένθος·

291 3551 502 3635 ἀγχοῦ
549 3545 625 3615 δὲ
670 3547 1040 3633 ξύμβληντο
1084 3551 1360 3616 πυλάων
1403 3552 1645 3637 νεκρὸν
1691 3551 1938 3633 ἄγοντι.
