2525 3884
306 214 433 279 152
1102 217 1406 269 ΙΛΙΑΔΟΣ
1440 217 1501 270 Τ.

305 360 555 443 στήθεά
598 355 656 424 τ’
697 356 803 443 ἠδ’
848 358 1106 443 ἁπαλὴν
1153 360 1382 444 δειρὴν
1428 356 1530 425 ἰδὲ
1571 361 1738 426 καλὰ
1782 362 2120 446 πρόσωπα.
2211 376 2326 428 285

305 461 446 532 εἶπε
491 460 554 531 δ’
596 466 724 552 ἄρα
767 467 1091 532 κλαίουσα
1134 468 1306 551 γυνὴ
1354 465 1567 532 ἐικυῖα
1611 472 1875 551 θεῇσιν·
1989 482 1998 495 ’

306 570 701 660 ,,Πάτροκλέ
740 594 855 657 μοι
901 573 1085 657 δειλῇ
1130 577 1442 638 πλεῖστον
1485 571 1910 659 κεχαρισμένε
1953 579 2184 662 θυμῷ,

307 680 472 757 ζωὸν
516 677 639 764 μέν
684 693 759 744 σε
803 681 1067 745 ἔλειπον
1111 677 1240 762 ἐγὼ
1284 681 1633 762 κλισίηθεν
1680 681 1901 763 ἰοῦσα,

306 794 436 852 νῦν
483 784 561 851 δέ
601 802 675 851 σε
720 791 1068 869 τεθνηῶτα
1109 784 1491 870 κιχάνομαι,
1539 786 1783 871 ὄρχαμε
1826 790 2035 869 λαῶν,

309 890 403 971 ἂψ
447 887 738 957 ἀνιοῦσ’·
786 892 875 968 ὥς
918 913 1032 974 μοι
1078 888 1333 975 δέχεται
1375 892 1580 957 κακὸν
1626 891 1698 957 ἐκ
1736 900 1945 958 κακοῦ
1978 894 2126 958 αἰεί.
2216 907 2325 959 290

309 1000 522 1085 ἄνδρα
568 995 719 1082 μέν,
767 987 820 1084 ᾧ
868 996 1112 1062 ἔδοσάν
1158 1020 1238 1081 με
1282 997 1496 1083 πατὴρ
1540 995 1650 1062 καὶ
1692 1000 1929 1065 πότνια
1974 1001 2216 1084 μήτηρ,

310 1100 495 1170 εἶδον
539 1104 667 1189 πρὸ
712 1104 980 1180 πτόλιος
1024 1101 1463 1188 δεδαϋγμένον
1508 1101 1643 1181 ὀξέι
1684 1109 1931 1192 χαλκῷ,

308 1221 484 1298 τρεῖς
526 1232 596 1275 τε
640 1211 1108 1293 κασιγνήτους,
1154 1209 1313 1287 τούς
1355 1231 1470 1294 μοι
1513 1211 1632 1294 μία
1674 1212 1939 1293 γείνατο
1984 1212 2225 1297 μήτηρ,

309 1317 646 1401 κηδείους,
684 1319 755 1382 οἳ
792 1316 1031 1393 πάντες
1075 1313 1391 1402 ὀλέθριον
1435 1310 1612 1402 ἦμαρ
1657 1315 1959 1382 ἐπέσπον.

232 1476 245 1484 .
313 1418 472 1489 οὐδὲ
508 1417 630 1507 μὲν
666 1421 833 1487 οὐδέ
863 1418 930 1507 μ’
956 1423 1210 1504 ἔασκες,
1253 1417 1350 1487 ὅτ’
1377 1418 1567 1508 ἄνδρ’
1594 1421 1756 1507 ἐμὸν
1782 1421 1955 1507 ὠκὺς
1992 1419 2321 1508 Ἀχιλλεὺς

311 1532 628 1612 ἔκτεινεν,
674 1527 916 1614 πέρσεν
962 1523 1037 1593 δὲ
1079 1528 1280 1593 πόλιν
1323 1529 1542 1593 θείοιο
1587 1529 1939 1613 Μύνητος,
2216 1545 2318 1596 296

311 1637 595 1717 κλαίειν,
642 1634 807 1699 ἀλλά
850 1629 920 1718 μ’
964 1635 1246 1716 ἔφασκες
1284 1629 1620 1718 Ἀχιλλῆος
1663 1635 1882 1702 θείοιο

312 1741 663 1827 κουριδίην
708 1740 952 1823 ἄλοχον
995 1742 1268 1823 θήσειν,
1315 1740 1496 1818 ἄξειν
1542 1737 1603 1805 δ’
1646 1738 1749 1808 ἐνὶ
1790 1739 2032 1825 νηυσὶν

315 1847 383 1925 ἐς
431 1849 687 1930 Φθίην,
736 1847 991 1911 δαίσειν
1039 1843 1114 1911 δὲ
1155 1845 1373 1930 γάμον
1418 1849 1579 1932 μετὰ
1621 1848 2190 1934 Μυρμιδόνεσσιν.

314 1962 406 2045 τῷ
454 1947 515 2020 σ’
557 1953 807 2038 ἄμοτον
850 1954 1055 2018 κλαίω
1100 1954 1461 2037 τεθνηότα,
1508 1956 1803 2038 μείλιχον
1848 1955 2040 2019 αἰεί.“
2220 1968 2321 2020 300

406 2056 494 2138 ὥς
539 2062 746 2144 ἔφατο
792 2054 1120 2143 κλαίουσ’,
1166 2055 1273 2123 ἐπὶ
1318 2054 1394 2123 δὲ
1438 2059 1834 2145 στενάχοντο
1876 2069 2215 2143 γυναῖκες,

319 2166 712 2254 Πάτροκλον
756 2167 1127 2251 πρόφασιν,
1173 2175 1367 2249 σφῶν
1414 2161 1477 2229 δ’
1520 2165 1742 2230 αὐτῶν
1784 2163 1964 2250 κήδε’
2008 2164 2264 2250 ἑκάστη.

319 2273 523 2338 αὐτὸν
569 2269 631 2337 δ’
676 2268 847 2356 ἀμφὶ
889 2268 1197 2357 γέροντες
1235 2265 1516 2354 Ἀχαιῶν
1559 2269 1964 2358 ἠγερέθοντο

317 2380 698 2462 λισσόμενοι
742 2378 1116 2461 δειπνῆσαι·
1163 2377 1201 2442 ὁ
1247 2373 1315 2441 δ’
1356 2377 1619 2464 ἠρνεῖτο
1666 2380 2085 2463 στεναχίζων·

317 2487 702 2568 ,,λίσσομαι,
736 2489 803 2548 εἴ
819 2506 920 2560 τις
946 2483 1100 2567 ἐμοί
1117 2507 1193 2566 γε
1221 2485 1441 2567 φίλων
1469 2481 1842 2549 ἐπιπείθεθ’
1877 2483 2187 2570 ἑταίρων,
2224 2496 2327 2550 305

319 2593 408 2676 μή
452 2614 532 2675 με
575 2586 737 2674 πρὶν
782 2592 991 2654 σίτοιο
1036 2588 1332 2654 κελεύετε
1376 2586 1543 2674 μηδὲ
1586 2598 1866 2673 ποτῆτος

320 2699 614 2762 ἄσασθαι
660 2696 862 2778 φίλον
906 2688 1099 2780 ἦτορ,
1148 2694 1294 2760 ἐπεί
1331 2689 1399 2778 μ’
1440 2696 1598 2780 ἄχος
1643 2697 1835 2761 αἰνὸν
1881 2695 2106 2761 ἱκάνει.

321 2804 529 2868 δύντα
576 2797 637 2865 δ’
683 2799 750 2876 ἐς
793 2798 1021 2882 ἠέλιον
1065 2799 1274 2885 μενέω
1321 2797 1433 2864 καὶ
1475 2803 1797 2886 τλήσομαι
1840 2803 2107 2886 ἒμπης.“
2139 2830 2144 2839 ·

409 2903 498 2986 ὧς
542 2907 747 2974 εἰπὼν
792 2907 1036 2985 ἄλλους
1078 2903 1202 2992 μὲν
1247 2904 1693 2974 ἀπεσκέδασεν
1739 2910 2084 2992 βασιλῆας,

322 3016 484 3081 δοιὼ
533 3009 594 3079 δ’
629 3008 926 3099 Ἀτρεΐδα
971 3010 1252 3098 μενέτην
1296 3011 1407 3079 καὶ
1453 3015 1597 3090 δῖος
1634 3011 2014 3097 Ὀδυσσεύς,
2230 3030 2335 3081 810
2405 3010 2412 3016 ’

322 3121 599 3207 Νέστωρ
637 3115 1010 3205 Ἰδομενεύς
1051 3143 1122 3185 τε
1167 3118 1385 3206 γέρων
1429 3114 1504 3185 θ’
1548 3120 1875 3203 ἱππηλάτα
1925 3120 2187 3203 Φοῖνιξ,

320 3226 670 3315 τέρποντες
712 3236 1004 3303 πυκινῶς
1049 3225 1463 3311 ἀκαχήμενον
1479 3245 1493 3259 ·
1535 3223 1701 3291 οὐδέ
1739 3248 1804 3290 τι
1845 3232 2043 3314 θυμῷ·

322 3331 592 3420 τέρπετο
636 3328 796 3418 πρὶν
841 3329 1135 3416 πολέμου
1180 3334 1390 3416 στόμα
1436 3331 1715 3415 δύμεναι
1761 3331 2200 3417 αἱματόεντος.

323 3439 740 3526 μνησάμενος
786 3434 850 3503 δ’
895 3437 1141 3513 ἁδινῶς
1187 3437 1564 3502 ἀνενείκατο
1613 3435 1925 3521 φώνησέν
1967 3457 2066 3503 τε·

411 3541 500 3629 ,,ἧ
516 3543 602 3632 ῥά
617 3545 701 3610 νύ
722 3545 841 3629 μοί
860 3565 1019 3610 ποτε
1037 3539 1148 3608 καὶ
1163 3542 1281 3624 σύ,
1304 3543 1712 3629 δυσάμμορε,
1733 3540 2003 3627 φίλταθ’
2031 3542 2337 3629 ἑταίρων,
