2525 3884
27 385 42 1609 *⁴,sAn——ffi——ssae———h-————-—.—-ffi„2
29 309 32 362 K„
29 233 30 250 μ
31 119 32 124 Α
31 34 35 90 ΗΑᾈ

1018 234 1318 286 muoz
1354 236 1496 289 va
2174 236 2253 300 91

224 376 492 458 Τρῶας
534 374 963 460 φευγέμεναι·
1005 387 1145 460 γνῶ
1188 378 1315 462 γὰρ
1362 378 1529 455 Διὸς
1575 378 1685 463 ίρὰ
1727 378 2031 445 τάλαντα.

211 472 389 542 ἔνθ’
442 476 592 545 οὐδ’
637 487 910 565 ἴφθιμοι
952 483 1192 548 Λύκιοι
1236 482 1473 569 μένον,
1520 482 1684 549 ἀλλὰ
1728 486 2036 569 φόβηθεν

210 583 519 669 πάντες,
563 584 704 652 ἐπεὶ
749 590 1030 672 βασιλῆα
1076 591 1226 654 ἴδον
1272 587 1727 675 βεβλαμμένον
1770 586 1930 677 ἦτορ
2154 607 2257 656 660

210 693 559 774 κείμενον
604 691 679 757 ἐν
721 694 980 758 νεκύων
1024 693 1276 781 ἀγύρει·
1320 694 1551 772 πολέες
1593 696 1720 781 γὰρ
1767 689 1865 761 ἐπ’
1917 696 2092 784 αὐτῷ
2187 740 2194 759 .

110 880 117 887 ·
212 795 619 881 κάππεσον,
667 791 800 863 εὖτ’
844 801 1031 884 ἔριδα
1072 801 1397 887 κρατερὴν
1442 801 1760 867 ἐτάνυσσε
1802 804 2133 888 Κρονίων.

213 901 297 964 οἱ
343 899 422 966 δ’
470 900 575 988 ἄρ’
619 898 730 968 ἀπ’
773 904 1007 989 ὤμοιιν
1052 908 1492 992 Σαρπηδόνος
1536 903 1702 972 ἔντε’
1746 906 1975 974 ἕλοντο

214 1008 494 1092 χάλκεα
537 1013 1020 1097 μαρμαίροντα·
1065 1013 1145 1077 τὰ
1188 1008 1311 1097 μὲν
1355 1017 1581 1090 κοίλας
1625 1011 1732 1079 ἐπὶ
1775 1022 1941 1098 νῆας

214 1113 418 1178 δῶκε
470 1113 700 1202 φέρειν
747 1114 1037 1203 ἑτάροισι
1081 1121 1447 1184 Μενοιτίου
1494 1121 1765 1204 ἄλκιμος
1808 1121 1970 1197 υἱός.
2154 1135 2256 1186 665

198 1219 346 1285 καὶ
399 1217 539 1287 τότ’
582 1220 962 1289 Ἀπόλλωνα
1005 1223 1305 1310 προσέφη
1350 1223 1827 1311 νεφεληγερέτα
1875 1227 2065 1303 Ζεύς·

100 1351 107 1357 ·
221 1329 346 1409 »εἰ
398 1324 467 1392 δ’
509 1329 627 1412 ἄγε
661 1337 819 1412 νῦν,
868 1332 1019 1413 φίλε
1061 1333 1294 1414 Φοῖβε,
1341 1327 1725 1415 κελαινεφὲς
1760 1322 1919 1415 αἷμα
1953 1332 2256 1418 κάθηρον

225 1431 477 1498 ἐλθὼν
520 1435 592 1500 ἐκ
636 1434 884 1518 βελέων
927 1437 1363 1520 Σαρπηδόνα,
1408 1439 1526 1501 καί
1563 1461 1679 1521 μιν
1721 1439 1941 1502 ἔπειτα

224 1541 503 1605 πολλὸν
547 1540 804 1624 ἀποπρὸ
851 1539 1077 1627 φέρων
1120 1546 1368 1607 λοῦσον
1411 1552 1730 1627 ποταμοῖο
1776 1541 2012 1628 ῥοῇσιν

226 1647 487 1728 χρῖσόν
521 1639 583 1710 τ’·
613 1646 973 1732 ἀμβροσίῃ,
1011 1646 1163 1734 περὶ
1199 1645 1259 1713 δ’
1296 1649 1587 1734 ἄμβροτα
1623 1649 1853 1734 εἵματα
1890 1648 2115 1715 ἕσσον·
2153 1665 2256 1716 670

231 1749 459 1836 πέμπε
506 1750 586 1818 δέ
624 1777 740 1838 μιν
781 1764 1143 1837 πομποῖσιν
1187 1754 1320 1838 ἅμα
1362 1767 1737 1841 κραιπνοῖσι
1784 1754 2139 1840 φέρεσθαι,

226 1854 458 1946 ’Τπνῳ
503 1856 613 1924 καὶ
659 1860 933 1946 Θανάτῳ
982 1860 1407 1944 διδυμάοσιν,
1456 1861 1527 1926 οἵ
1566 1860 1650 1946 ῥά
1693 1885 1809 1944 μιν
1855 1857 1991 1927 ὦκα

220 1962 539 2048 ’θήσουσ’
584 1964 658 2030 ἐν
700 1968 954 2048 Λυκίης
998 1965 1255 2051 εὐρείης
1299 1969 1483 2032 πίονι
1530 1969 1746 2054 δήμω,

237 2073 428 2136 ἔνθα
463 2070 496 2136 ἑ
530 2073 932 2157 ταρχύσουσι
975 2075 1365 2156 κασίγνητοί
1400 2097 1471 2138 τε
1516 2075 1655 2137 ἔται
1699 2095 1768 2137 τε

180 2234 190 2238 -
238 2178 480 2266 τύμβῳ
524 2200 596 2242 τε
641 2180 842 2264 στήλῃ
878 2198 976 2243 τε·
1020 2179 1095 2244 τὸ
1133 2181 1258 2265 γὰρ
1294 2176 1491 2264 γέρας
1527 2174 1665 2243 ἐστὶ
1698 2178 2117 2244 θανόντων.“
2152 2194 2255 2244 676
2331 2223 2336 2229 -

341 2279 433 2361 ὦς
478 2278 690 2368 ἔφατ’,
738 2281 882 2350 οὐδ’
927 2286 1054 2369 ἄρα
1089 2286 1344 2370 πατρὸς·
1370 2284 1864 2367 ἀνηκούστησεν
1902 2281 2255 2350 Ἀπόλλων.

243 2393 336 2474 βῆ
386 2386 461 2455 δὲ
503 2388 645 2455 κατ’
682 2387 941 2456 Ἰδαίων
986 2388 1197 2476 ὀρέων
1242 2391 1309 2466 ἐς
1353 2392 1651 2474 φύλοπιν
1696 2391 1921 2472 αἰνήν,

246 2497 490 2561 αὐτίκα
535 2493 594 2562 δ’
640 2496 711 2562 ἐκ
756 2494 1000 2579 βελέων
1045 2497 1458 2581 Σαρπηδόνα
1503 2497 1651 2561 δῖον
1696 2495 1947 2581 ἀείρας,

246 2603 506 2667 πολλὸν
541 2601 797 2687 ἀποπρὸ
842 2600 1068 2687 φέρων
1112 2608 1354 2669 λοῦσεν
1398 2612 1718 2686 ποταμοῖο
1764 2601 2001 2687 ῥοῇσιν

251 2706 483 2794 χρῖσέν
516 2706 574 2774 τ’
616 2700 972 2794 ἀμβροσίῃ,
1009 2706 1159 2813 περὶ
1197 2706 1256 2774 δ’
1293 2709 1587 2793 ἄμβροτα
1623 2708 1852 2792 ειματα
1889 2706 2114 2772 ἕσσεν·
2153 2676 2257 2773 680

250 2815 465 2899 πέμπε
510 2813 589 2881 δέ
626 2838 742 2900 μιν
784 2806 1143 2899 πομποῖσιν
1189 2815 1321 2899 ἅμα
1365 2825 1745 2899 κραιπνοῖσι
1791 2811 2145 2897 φέρεσθαι,

244 2918 460 3009 ’Τπνω
505 2919 614 2987 καὶ
658 2920 934 3008 Θανάτω
983 2920 1408 3004 διδυμάοσιν,
1456 2922 1528 2985 οἳ
1566 2919 1651 3005 ῥά
1697 2942 1811 3003 μιν
1856 2913 1993 2983 ὦκα

253 3029 588 3093 κάτθεσαν
631 3027 706 3094 έν
752 3030 1002 3110 Λυκίης
1047 3026 1304 3112 εὐρείης
1346 3030 1530 3092 πίονι
1577 3027 1782 3112 δήμῳ.

347 3135 728 3221 Πάτροκλος
772 3131 833 3198 δ’
877 3133 1133 3198 ἵπποισι
1176 3129 1287 3196 καὶ
1324 3128 1785 3216 Ἀυτομέδοντι
1829 3132 2151 3209 κελεύσας

264 3244 491 3327 Τρῶας
532 3237 643 3306 καὶ
685 3241 980 3316 Λυκίους
1024 3240 1400 3323 μετεκίαθε,
1444 3235 1554 3302 καὶ
1601 3233 1740 3322 μέγ’
1785 3236 2006 3321 ἀάσθη
2155 3235 2258 3301 686

260 3350 512 3430 νήπιος·
559 3348 623 3413 εί
664 3341 738 3411 δὲ
783 3347 938 3422 ἔπος
981 3344 1372 3428 Πηληιάδαο
1419 3342 1740 3428 φύλαξεν,

260 3446 301 3534 ἦ
344 3448 402 3517 τ’
443 3452 526 3519 ἂν
570 3450 908 3537 ὑπέκφυγε
953 3460 1120 3537 κῆρα
1164 3450 1372 3533 κακὴν
1417 3447 1697 3533 μέλανος
1740 3449 2081 3512 θανάτοιο.

260 3558 398 3628 ἀλλ’
441 3563 579 3628 αἰεί
616 3584 686 3626 τε
729 3561 899 3636 Διὸς
941 3560 1268 3643 κρείσσων
1311 3557 1470 3631 νόος
1512 3553 1593 3635 ἠέ
1631 3573 1753 3636 περ
1800 3550 2095 3628 ἀνδρῶν·
