2525 3884
299 197 386 264 58
1111 196 1415 250 ΙΛΙΑΔοΣ
1453 197 1519 250 ο.

298 352 602 427 μακροῖσι
647 340 968 424 ξυστοῖσι,
1011 341 1092 406 τά
1138 341 1222 427 ῥά
1268 335 1385 425 σφ’
1438 338 1543 406 ἐπὶ
1587 337 1830 423 νηυσὶν
1875 342 2085 406 ἔκειτο

296 448 602 534 ναύμαχα
643 449 1037 532 κολλήεντα,
1081 449 1248 514 κατὰ
1293 449 1504 536 στόμα
1548 446 1775 532 εἱμένα
1820 451 2057 533 χαλκῷ.

310 572 315 577 ·
388 552 776 639 Πάτροκλος
814 547 912 636 δ’,
959 553 1109 629 εἵως
1155 548 1281 637 μὲν
1321 548 1576 637 Ἀχαιοί
1612 574 1684 618 τε
1736 549 1956 639 Τρῶές
1998 574 2070 617 τε
2213 567 2314 618 390

295 662 544 744 τείχεος
588 658 1055 744 ἀμφεμάχοντο
1100 658 1337 724 θοάων
1382 660 1611 725 ἔκτοθι
1656 669 1873 743 νηῶν,

296 760 491 850 τόφρ’
542 766 579 831 ὅ
615 759 681 848 γ’
725 764 828 833 ἐνὶ
870 768 1088 851 κλισίῃ
1136 764 1560 849 ἀγαπήνορος
1603 764 2035 851 Εὐρυπύλοιο

295 865 460 954 ἧστό
502 893 574 937 τε
617 868 727 937 καὶ
770 871 890 936 τὸν
935 873 1161 956 ἔτερπε
1198 864 1462 954 λόγοις,
1509 867 1616 936 ἐπὶ
1663 865 1731 935 δ’
1783 869 1961 936 ἕλκει·
2000 873 2228 958 λυγρῷ

298 971 592 1062 φάρμακ’
643 971 951 1059 ἀκέσματ’
1003 978 1244 1042 ἔπασσε
1288 976 1664 1060 μελαινάων
1712 976 2040 1042 ὀδυνάων.

296 1081 509 1168 αὐτὰρ
554 1079 693 1147 ἐπεὶ
739 1083 821 1165 δὴ
864 1092 1079 1167 τεῖχος
1122 1080 1613 1166 ἐπεσσυμένους
1658 1081 1935 1166 ἐνόησεν
2213 1097 2313 1148 306

304 1191 563 1274 Τρῶας,
609 1187 772 1274 ἀτὰρ
817 1193 1112 1270 Δαναῶν
1156 1185 1385 1271 γένετο
1434 1190 1586 1272 ἰαχή
1628 1211 1700 1253 τε
1748 1189 1960 1272 φόβος
2003 1209 2105 1271 τε,
2144 1234 2149 1239 -

299 1292 569 1382 ᾤμωξέν
592 1291 668 1385 ,τ’
720 1293 827 1379 ἄρ’
877 1297 1098 1360 ἔπειτα
1140 1291 1251 1359 καὶ
1298 1293 1351 1358 ὣ
1396 1294 1762 1376 πεπλήγετο
1808 1293 1994 1378 μηρὼ

237 1488 245 1493 ν
298 1397 484 1484 χερσὶ
526 1396 1033 1487 καταπρηνέσσ’,
1081 1400 1582 1486 ὀλοφυρόμενος
1619 1394 1686 1464 δ’
1738 1401 1893 1477 ἔπος
1936 1399 2140 1484 ηὔδα·

299 1500 715 1589 ,,Εὐρύπυλ’,
755 1506 975 1572 οὐκέτι
1015 1528 1122 1571 τοι
1168 1506 1460 1590 δύναμαι
1504 1504 1813 1590 χατέοντί
1840 1526 1964 1588 περ
2010 1506 2223 1590 ἒμπης

297 1610 554 1677 ἐνθάδε
598 1608 1037 1696 παρμενέμεν·
1086 1611 1167 1694 δὴ
1213 1613 1343 1697 γὰρ
1388 1609 1555 1695 μέγα
1599 1620 1818 1689 νεῖκος
1862 1612 2149 1698 ὄρωρεν·
2215 1629 2319 1680 400

297 1716 466 1781 ἀλλὰ
510 1711 585 1781 σε
629 1711 751 1799 μὲν
794 1715 1110 1801 θεράπων
1154 1713 1627 1801 ποτιτερπέτω,
1673 1716 1881 1803 αὐτὰρ
1927 1715 2057 1801 ἐγώ
2097 1740 2181 1801 γε

299 1823 669 1906 σπεύσομαι
711 1822 805 1897 εἰς
843 1815 1135 1905 Ἀχιλῆα,
1183 1815 1272 1885 ἵν’
1323 1821 1581 1907 ὀτρύνω
1625 1826 2017 1907 πολεμίζειν.

298 1932 399 2006 τίς
448 1925 510 1993 δ’
565 1922 725 2012 οἶδ’,
771 1934 839 1993 εἴ
873 1926 989 1993 κέν
1024 1928 1107 1992 .οί
1146 1929 1277 1992 σὺν
1325 1928 1597 2012 δαίμονι
1639 1929 1871 2013 θυμὸν
1916 1929 2123 2014 ὀρίνω

300 2035 668 2121 παρειπών,
717 2032 939 2117 ἀγαθὴ
988 2028 1062 2098 δὲ
1106 2036 1518 2118 παραίφασίς
1563 2034 1746 2100 ἐστιν
1792 2032 2122 2121 ἑταίρου.“

250 2203 257 2211 ,
387 2141 507 2206 τὸν
525 2135 648 2225 μὲν
675 2134 780 2226 ἄρ’
804 2135 893 2216 ὥς
920 2141 1190 2204 εἰπόντα
1215 2139 1417 2216 πόδες
1437 2137 1677 2223 φέρον·
1707 2140 1915 2226 αὐτὰρ
1938 2137 2188 2225 Ἀχαιοὶ
2217 2158 2323 2209 405

310 2250 537 2332 Τρῶας
581 2244 1060 2331 ἐπερχομένους
1104 2243 1312 2329 μένον
1358 2245 1668 2357 ἔμπεδον,
1717 2242 1876 2312 οὐδὲ
1922 2247 2218 2314 δύναντο

299 2349 751 2438 παυροτέρους
793 2372 916 2437 περ
961 2351 1192 2427 ἐόντας
1237 2324 1634 2417 ἀπώσασθαι
1680 2353 1858 2438 παρὰ
1899 2363 2118 2437 νηῶν·

302 2455 470 2523 οὐδέ
505 2478 663 2522 ποτε
707 2461 925 2543 Τρῶες
967 2462 1262 2522 Δαναῶν
1310 2457 1637 2524 ἐδύναντο
1682 2459 2026 2543 φάλαγγας

302 2562 657 2648 ῥηξάμενοι
700 2565 991 2647 κλισίῃσι
1037 2564 1390 2647 μιγήμεναι
1434 2559 1554 2647 ήδὲ
1597 2562 1879 2631 νέεσσιν.

302 2664 447 2733 ἀλλ’
497 2668 588 2744 ὥς
631 2691 702 2734 τε
746 2669 1011 2752 στάθμη
1058 2669 1225 2752 δόρυ
1270 2671 1467 2752 νήιον
1512 2668 1807 2749 ἐξιθύνει
2013 2686 2019 2692 ·
2216 2689 2323 2738 410

299 2773 608 2851 τέκτονος
652 2774 727 2839 ἐν
769 2774 1107 2859 παλάμῃσι
1153 2774 1518 2859 δαήμονος,
1567 2776 1640 2852 ὅς
1685 2775 1771 2861 ῥά
1812 2798 1884 2841 τε
1927 2776 2143 2861 πάσης

222 2902 227 2909 ’
303 2875 382 2947 εὖ
425 2882 568 2967 εἰδῇ
614 2883 856 2964 σοφίης
899 2879 1503 2966 ὑποθημοσύνῃσιν
1544 2874 1849 2965 Ἀθήνης,

304 2982 395 3064 ὥς
440 2984 563 3072 μὲν
606 2998 740 3052 τῶν
786 2983 894 3053 ἐπὶ
941 2981 1051 3050 ἶσα
1096 2986 1266 3071 μάχη
1313 2985 1541 3052 τέτατο
1586 2989 1907 3072 πτόλεμός
1948 3007 2050 3055 τε·

301 3093 494 3163 ἄλλοι
541 3088 601 3156 δ’
655 3085 820 3176 ἀμφ’
871 3092 1107 3178 ἄλλῃσι
1151 3091 1367 3176 μάχην
1412 3091 1733 3177 ἐμάχοντο
1778 3091 2061 3159 νέεσσιν.

380 3196 633 3284 Ἕκτωρ
681 3194 743 3262 δ’
797 3194 938 3261 ἄντ’
992 3199 1284 3274 Αἴαντος
1327 3196 1581 3263 ἐείσατο
1627 3200 2037 3283 κυδαλίμοιο.
2217 3215 2321 3265 41⁶

305 3305 395 3370 τὼ
444 3301 518 3371 δὲ
564 3312 717 3389 μιῆς
760 3301 911 3389 περὶ
956 3304 1118 3387 νηὸς
1163 3307 1318 3388 ἔχον
1362 3307 1598 3387 πόνον,
1644 3300 1804 3370 οὐδὲ
1852 3305 2144 3370 δύναντο

306 3407 461 3487 οὔθ’
514 3410 551 3476 ὀ
596 3412 716 3476 τὸν
761 3406 1060 3487 ἐξελάσαι
1103 3407 1214 3474 καὶ
1259 3409 1608 3496 ἐνιπρῆσαι
1652 3407 1814 3496 πυρὶ
1858 3418 2009 3494 νῆα,

306 3511 462 3584 οὔθ’
513 3516 552 3585 ὁ
596 3517 715 3584 τὸν
761 3513 854 3592 ἂψ
900 3516 1228 3599 ὤσασθαι,
1277 3514 1423 3581 ἐπεί
1462 3511 1524 3594 ῤ’
1578 3501 1899 3580 ἐπέλασσέ
1927 3538 2006 3599 γε
2043 3516 2322 3595 δαίμων.
