2525 3884
962 210 1262 261 ῑΛῙΑΔοΣ
1298 210 1498 263 xxm.
2098 209 2227 272 217

219 350 443 437 ψυχὴν
487 354 858 435 κικλήσκων
904 355 1335 439 Πατροκλῆος
1380 354 1644 418 δειλοῖο.

221 457 313 534 ὡς
360 453 435 524 δὲ
478 459 691 545 πατὴρ
738 453 820 523 οὗ
864 459 1099 535 παιδὸς
1143 457 1454 543 ὀδύρεται
1497 456 1690 524 ὀστέα
1733 460 1968 541 καίων,

219 566 552 648 νυμφίου,
599 564 673 640 ὅς
718 586 787 628 τε
830 565 1066 630 θανὼν
1113 564 1375 641 δειλοὺς
1419 563 1702 648 ἀκάχησε
1744 573 2007 648 τοκῆας,

222 665 312 746 ὧς
364 666 653 754 Ἀχιλεὺς
699 667 957 755 ἑτάροιο
995 669 1283 756 ὀδύρετο
1332 668 1525 736 ὀστέα
1569 673 1807 753 καίων,

222 773 520 861 ἑρπύζων
564 777 740 862 παρὰ
784 776 1114 862 πυρκαϊὴν
1159 775 1359 842 ἁδινὰ
1398 779 1809 861 στεναχίζων.
2127 791 2229 840 225

220 880 237 893 “
309 876 478 966 ἦμος
523 876 586 947 δ’
639 879 1021 968 Ἑωσφόρος
1067 876 1193 948 εἶσι
1239 884 1421 967 φόως
1467 881 1674 969 ἐρέων
1717 881 1825 949 ἐπὶ
1868 892 2097 965 γαῖαν,

223 987 302 1052 ὅν
343 1010 420 1053 -τε
464 985 624 1073 μέτα
667 990 1112 1075 κροκόπεπλος
1155 987 1347 1075 ὑπεὶρ
1394 989 1518 1055 ἅλα
1561 990 1867 1055 κίδναται
1903 983 2100 1069 Ἠώς,

221 1101 426 1177 τῆμος
470 1094 756 1180 πυρκαϊὴ
805 1092 1220 1179 ἐμαραίνετο,
1268 1094 1567 1160 παύσατο
1615 1092 1690 1160 δὲ
1730 1093 1916 1179 φλόξ.

224 1199 295 1263 οἱ
338 1194 399 1263 δ’
442 1198 675 1283 ἄνεμοι
717 1199 919 1264 πάλιν
964 1193 1149 1276 αὖτις
1194 1201 1357 1282 ἔβαν
1403 1200 1666 1265 οἶκόνδε
1709 1199 1985 1266 νέεσθαι

224 1306 545 1390 Θρηίκιον
581 1305 743 1370 κατὰ
778 1307 1053 1370 πόντον·
1100 1304 1137 1370 ὁ
1176 1300 1237 1369 δ’
1283 1305 1546 1371 ἔστενεν
1584 1305 1847 1389 οἴδματι
1880 1306 2091 1371 θύων.
2128 1321 2233 1370 230

224 1411 561 1494 Πηλεΐδης
607 1404 669 1475 δ’
711 1409 837 1477 ἀπὸ
883 1417 1206 1496 πυρκαϊῆς
1253 1407 1530 1495 ἑτέρωσε
1575 1406 1874 1487 λιασθεὶς

222 1520 470 1599 κλίνθη
515 1517 836 1601 κεκμηώς,
884 1514 991 1581 ἐπὶ
1037 1512 1110 1583 δὲ
1152 1517 1402 1599 γλυκὺς
1444 1515 1656 1594 ὕπνος
1700 1518 1999 1603 ὄρουσεν.

227 1624 297 1689 οἱ
339 1621 400 1689 δ’
446 1617 611 1708 ἀμφ’
667 1620 1018 1709 Ἀτρεΐωνα
1063 1620 1328 1699 ἀολλέες
1371 1621 1803 1709 ἠγερέθοντο·

225 1739 362 1795 τῶν
406 1752 522 1814 μιν
567 1725 1020 1814 ἐπερχομένων
1066 1728 1314 1813 ὅμαδος
1357 1725 1468 1794 καὶ
1514 1730 1761 1806 δοῦπος
1805 1730 2074 1815 ἔγειρεν.

228 1836 402 1916 ἕζετο
441 1829 502 1900 δ’
544 1831 878 1920 ὀρθωθεὶς
919 1835 1037 1899 καί
1075 1849 1284 1918 σφεας
1327 1835 1491 1920 πρὸς
1533 1841 1761 1919 ,μῦθον
1807 1837 2049 1902 ἔειπεν·
2131 1850 2235 1899 235

227 1941 562 2027 »Ἀτρεΐδη
608 1963 679 2006 τε
724 1937 834 2005 καὶ
878 1940 1068 2005 ἄλλοι
1113 1938 1414 2025 ἀριστῆες
1457 1944 1892 2024 Παναχαιῶν,

227 2059 492 2130 πρῶτον
536 2042 658 2131 μὲν
701 2046 864 2111 κατὰ
907 2046 1235 2131 πυρκαϊὴν
1281 2039 1543 2128 σβέσατ’
1587 2050 1820 2110 αἴθοπι
1867 2042 2027 2132 οἴνῳ

230 2164 480 2238 πᾶσαν,
527 2152 818 2218 ὁπόσσον
864 2148 1092 2236 ἐπέσχε
1134 2151 1346 2236 πυρὸς
1391 2148 1614 2235 μένος·
1661 2149 1866 2236 αὐτὰρ
1914 2153 2133 2216 ἔπειτα

231 2257 425 2326 ὀστέα
470 2258 884 2343 Πατρόκλοιο
929 2256 1381 2322 Μενοιτιάδαο
1428 2253 1721 2340 λέγωμεν

234 2361 310 2432 εὖ
356 2365 969 2448 διαγιγνώσκοντες·
1016 2359 1390 2448 ἀριφραδέα
1436 2358 1510 2427 δὲ
1554 2360 1875 2428 τέτυκται·
2135 2378 2239 2428 240

236 2472 309 2538 ἐν
353 2469 558 2557 μέσσῃ
603 2471 729 2554 γὰρ
774 2471 980 2536 ἔκειτο
1025 2476 1231 2555 πυρῇ,
1277 2465 1381 2532 τοὶ
1426 2464 1488 2533 δ’
1540 2468 1728 2533 ἄλλοι
1774 2469 2102 2535 ἄνευθεν·

239 2576 499 2663 ἐσχατιῇ
544 2574 789 2642 καίοντ’
833 2573 1077 2660 ἐπιμίξ,
1123 2574 1312 2640 ἵπποι
1354 2596 1426 2640 τε
1468 2572 1580 2640 καὶ
1625 2575 1878 2661 ἄνδρες.

236 2681 344 2748 καὶ
387 2683 466 2748 τὰ
511 2678 635 2767 μὲν
679 2681 752 2747 ἐν
795 2681 1040 2767 χρυσέῃ
1086 2679 1291 2766 φιάλῃ
1336 2677 1446 2745 καὶ
1494 2681 1760 2748 δίπλακι
1805 2683 1990 2768 δημῷ

239 2792 541 2874 θείομεν,
589 2788 680 2865 εἰς
726 2787 764 2853 ὅ
807 2809 923 2853 κεν
969 2786 1166 2863 αὐτὸς
1211 2785 1382 2869 ἐγὼν
1423 2784 1603 2852 ’Ἄιδι
1646 2787 2015 2870 κεύθωμαι·

239 2896 489 2979 τύμβον
537 2889 598 2959 δ’
634 2892 717 2959 οὐ
762 2893 934 2977 μάλα
977 2891 1227 2958 πολλὸν
1275 2891 1403 2975 ἐγὼ
1447 2889 1809 2957 πονέεσθαι
1847 2892 2101 2975 ἄνωγα,
2140 2907 2243 2957 245

243 2995 379 3067 ἀλλ’
423 2998 704 3067 ἐπιεικέα
749 3009 962 3064 τοῖον·
1009 2999 1226 3063 ἔπειτα
1273 2995 1348 3062 δὲ
1389 2995 1502 3061 καὶ
1544 2997 1661 3061 τὸν
1714 2993 1962 3081 Ἀχαιοὶ

243 3107 445 3192 εὐρύν
490 3099 563 3171 θ’
604 3105 865 3189 ὑψηλόν
909 3126 979 3169 τε
1023 3103 1406 3187 τιθήμεναι,
1455 3102 1526 3167 οἵ
1563 3126 1677 3167 κεν
1724 3101 1901 3187 ἐμεῖο

246 3214 539 3298 δεύτεροι
584 3210 658 3277 ἐν
701 3212 932 3293 νήεσσι
975 3209 1368 3291 πολυκλήισι
1413 3210 1762 3292 λίπησθε.“
1887 3250 1893 3256 ·

328 3314 416 3397 ὧς
461 3312 691 3404 ἔφαθ’,
739 3316 808 3382 οἱ
849 3309 909 3382 δ’
962 3314 1279 3381 ἐπύθοντο
1323 3315 1615 3382 ποδώκεϊ
1656 3319 2008 3400 Πηλεΐωνι.

245 3435 502 3512 πρῶτον
548 3420 670 3509 μὲν
714 3424 875 3489 κατὰ
919 3421 1249 3508 πυρκαϊὴν
1296 3420 1543 3505 σβέσαν
1590 3428 1821 3488 αἴθοπι
1868 3428 2059 3507 οἴνῳ,
2144 3436 2245 3482 250

247 3532 446 3597 ὅσσον
490 3526 598 3597 ἐπὶ
644 3528 811 3615 φλὸξ
855 3524 1023 3613 ἦλθε
1034 3576 1054 3612 ,
1100 3530 1342 3611 βαθεῖα
1390 3524 1464 3593 δὲ
1508 3527 1792 3592 κάππεσε
1836 3522 2069 3606 τέφρη·
