2525 3884
275 201 405 265 226
1073 203 1374 255 ιΑῙΑΔοΣ
1410 203 1484 255 Ψ.

276 347 474 430 μάστι
520 340 581 411 δ’
625 341 770 411 αἰὲν
817 349 1050 412 ἔλαυνε
1095 347 1513 429 κατωμαδόν·
1561 345 1633 411 οἵ
1671 344 1749 412 δέ
1789 346 1862 412 οἰ
1900 347 2084 412 ἵπποι
2184 363 2292 413 50⁰

285 434 474 529 ὑψόσ’
520 451 875 533 ἀειρέσθην
921 450 1131 535 ῥίμφα
1175 453 1547 535 πρήσσοντε
1591 450 1932 517 κέλευθον.

277 555 404 621 αἰεὶ
452 553 516 622 δ’
557 557 831 640 ἡνίοχον
875 561 1103 640 κονίης
1147 556 1557 640 ῥαθάμιγγες
1600 559 1910 639 ἔβαλλον,

276 661 532 745 ἅρματα
579 661 651 728 δὲ
697 672 918 751 χρυσῷ
965 662 1431 747 πεπυκασμένα
1476 660 1838 748 κασσιτέρῳ
1886 686 1954 727 τε

276 768 498 844 ἵπποις
544 768 999 835 ὠκυπόδεσσιν
1045 766 1418 852 ἐπέτρεχον·
1464 767 1626 834 οὐδέ
1665 792 1729 834 τι
1773 771 1982 849 πολλὴ

275 869 520 957 γίγνετ’
574 876 996 960 ἐπισσώτρων
1043 874 1448 959 ἁρματροχιὴ
1496 877 1895 940 κατόπισθεν
2183 892 2289 941 505

279 981 351 1046 ἐν
398 987 598 1063 λεπτῇ
643 984 863 1065 κονίῃ·
907 982 997 1045 τω
1045 975 1119 1045 δὲ
1166 980 1530 1046 σπεύδοντε
1575 982 1924 1065 πετέσθην.

278 1095 397 1168 στῆ
446 1084 517 1150 δὲ
563 1085 738 1172 μέσῳ
789 1086 863 1152 έν
909 1085 1146 1167 ἀγῶνι,
1193 1088 1402 1162 πολὺς
1447 1086 1507 1151 δ’
1551 1086 1894 1171 ἀνεκήκιεν
1943 1088 2143 1171 ἱδρὼς

279 1192 496 1256 ἵππων
543 1195 614 1257 ἔκ
658 1215 726 1257 τε
773 1195 1002 1275 λόφων
1048 1189 1158 1256 καὶ
1207 1191 1334 1256 ἀπὸ
1380 1190 1684 1277 στέρνοιο
1729 1196 1983 1277 χαμᾶζε.

280 1298 477 1374 αὐτὸς
523 1293 586 1362 δ’
630 1298 701 1363 ἐκ
747 1300 1015 1383 δίφροιο
1063 1294 1264 1381 χαμαὶ
1310 1299 1476 1379 θόρε
1520 1298 2075 1381 παμφανόωντος,

277 1409 458 1469 κλῖνε
509 1400 570 1470 δ’
613 1406 739 1490 ἄρα
787 1404 1068 1487 μάστιγα
1112 1400 1262 1468 ποτὶ
1313 1405 1527 1487 ζυγόν.
1620 1400 1777 1469 οὐδὲ·
1822 1404 2109 1488 μάτησεν
2182 1415 2290 1470 510

280 1515 560 1593 ἴφθιμος
606 1509 973 1591 Σθένελος,
1022 1504 1165 1573 ἀλλ’
1208 1508 1584 1592 ἐσσυμένως
1629 1505 1776 1592 λάβ’
1818 1511 2094 1591 ἄεθλον,

281 1615 448 1679 δῶκε
495 1609 557 1678 δ’
602 1615 785 1696 ἄγειν
833 1613 1165 1696 ἑτάροισιν
1213 1615 1661 1698 ὑπερθύμοισι
1705 1628 1984 1698 γυναῖκα

278 1718 385 1784 καὶ
433 1716 689 1803 τρίποδ’
732 1720 1035 1785 ὠτώεντα
1079 1719 1338 1804 φέρειν·
1377 1721 1412 1787 ὁ
1453 1717 1514 1785 δ’
1558 1723 1750 1786 ἔλυεν
1795 1716 1911 1805 ὑφ’
1958 1721 2214 1798 ἵππους.

367 1834 457 1912 τῷ
507 1820 567 1890 δ’
607 1822 717 1909 ἄρ’
762 1820 861 1890 ἐπ’
908 1820 1277 1909 Ἀντίλοχος
1322 1829 1619 1911 Νηλήιος
1662 1829 1906 1910 ἤλασεν
1953 1827 2224 1910 ἵππους,

278 1929 611 2015 κέρδεσιν,
678 1931 759 1996 οὔ
812 1954 877 1995 τι
929 1931 1109 2015 τάχει
1161 1954 1269 2015 γε,
1333 1933 1857 2017 παραφθάμενος
1908 1931 2290 1998 Μενέλαον·

286 2037 449 2102 ἀλλὰ
495 2033 602 2101 καὶ
650 2030 737 2113 ὥς
780 2035 1127 2113 ΣἈενέλαος
1173 2033 1265 2121 ἔχ’
1310 2036 1597 2121 ἐγγύθεν
1643 2036 1848 2115 ὠκέας
1894 2039 2148 2115 ἵππους.
2184 2056 2289 2105 516

281 2142 487 2224 ὅσσον
534 2140 607 2207 δὲ
653 2150 894 2225 τροχοῦ
941 2142 1136 2219 ἵππος
1179 2141 1560 2226 ἀφίσταται,
1609 2144 1681 2220 ὅς
1726 2142 1811 2228 ῥά
1856 2140 1919 2207 τ’
1956 2144 2203 2208 ἄνακτα

281 2249 545 2334 ἕλκῃσιν
590 2249 847 2312 πεδίοιο
891 2251 1344 2332 τιταινόμενος
1391 2250 1517 2314 σὺν
1560 2250 1864 2333 ὄχεσφιν·

281 2363 400 2419 τοῦ
443 2353 566 2438 μέν
609 2376 677 2420 τε
723 2354 1083 2429 ψαύουσιν
1106 2353 1514 2436 ἐπισσώτρου
1567 2359 1780 2440 τρίχες
1823 2357 2017 2438 ἄκραι

284 2460 574 2543 οὐραῖαι·
621 2458 657 2524 ὁ
707 2456 785 2523 δέ
825 2456 881 2523 τ’
927 2461 1077 2544 ἄγχι
1122 2460 1294 2545 μάλα
1340 2459 1580 2545 τρέχει,
1628 2460 1791 2527 οὐδέ
1829 2485 1892 2526 τι
1928 2462 2137 2544 πολλὴ
2184 2477 2288 2528 520

281 2567 458 2651 χώρη
507 2566 863 2650 μεσσηγύς,
910 2564 1145 2643 πολέος
1187 2568 1443 2633 πεδίοιο
1487 2566 1792 2644 θέοντος·

289 2674 524 2737 τόσσον
571 2671 654 2752 δὴ
699 2670 1043 2747 Μενέλαος
1088 2670 1426 2755 ἀμύμονος
1465 2667 1864 2757 Ἀντιλόχοιο

282 2772 550 2842 λείπετ’·
599 2776 759 2859 ἀτὰρ
806 2777 885 2841 τὰ
928 2786 1153 2861 πρῶτα
1197 2774 1310 2841 καὶ
1354 2777 1421 2855 ἐς
1466 2779 1786 2863 δίσκουρα
1830 2777 2157 2861 λέλειπτο,

282 2883 446 2947 ἀλλά
491 2898 605 2966 μιν
653 2877 816 2960 αἶψα
859 2883 1155 2965 κίχανεν·
1201 2881 1516 2967 ὀφέλλετο
1563 2886 1690 2969 γὰρ
1735 2883 1932 2968 μένος
1974 2884 2061 2967 ἠὺ

282 2988 484 3053 ἵππου
529 2997 644 3071 τῆς
683 2983 1231 3072 Ἀγαμεμνονέης,
1277 2994 1687 3076 καλλίτριχος
1732 2996 1967 3073 Αἴθης.
2182 3006 2287 3056 525

281 3095 344 3160 εί
387 3093 465 3159 δέ
504 3090 564 3158 κ’
609 3098 704 3159 ἔτι
747 3093 1042 3179 προτέρω
1089 3093 1316 3178 γένετο
1365 3097 1609 3181 δρόμος
1656 3095 2158 3181 ἀμφοτέροισιν,

281 3208 370 3289 τῷ
417 3199 532 3265 κέν
577 3224 692 3284 μιν
737 3195 1093 3284 παρέλασσ’
1138 3196 1284 3266 οὐδ’
1328 3200 1745 3286 ἀμφήριστον
1792 3204 2049 3285 ἔθηκεν.

282 3307 489 3390 αὐτὰρ
536 3307 884 3388 Ιηηριόνης
928 3296 1246 3389 θεράπων
1293 3306 1403 3382 ἐὺς
1443 3303 1816 3391 Ἰδομενῆος

282 3406 519 3478 λείπετ’
561 3410 885 3494 ἀγακλῆος
929 3411 1283 3476 Μενελάου
1331 3413 1570 3496 δουρὸς
1615 3412 1851 3498 ἐρωήν·

284 3518 624 3603 βάρδιστοι
672 3512 794 3601 μὲν
839 3516 965 3600 γάρ
1013 3516 1083 3580 οἱ
1125 3519 1286 3581 ἔσαν
1329 3520 1732 3602 καλλίτριχες
1776 3518 1987 3601 ἵπποι,
2180 3536 2288 3586 530
