2525 3884
974 214 1275 266 muoz
1308 215 1478 268 xvn.
1961 190 1978 207 ⁹
2091 212 2219 277 115

226 361 342 422 καί
374 360 459 423 νύ
500 380 575 423 κε
621 357 704 440 δὴ
752 353 1039 441 ξιφέεσσ’
1091 356 1494 442 αὐτοσχεδὸν
1539 357 1953 444 ὁρμηθήτην,
2116 373 2219 423 580

228 464 289 528 εί
325 465 412 547 μή
455 458 626 547 σφω’
669 466 917 528 Αἴαντε
963 459 1302 548 διέκριναν
1343 472 1667 547 μεμαῶτε,

228 568 297 632 οἳ
332 563 395 654 ῥ’
440 563 659 652 ἦλθον
702 563 858 632 καθ’
911 567 1145 652 ὅμιλον
1189 565 1456 654 ἑταίρου
1500 570 1979 652 κικλήσκοντος.

227 676 375 752 τοὺς
415 673 991 760 ὑποταρβήσαντες
1036 673 1379 760 ἐχώρησαν
1420 675 1622 740 πάλιν
1666 669 1849 752 αὖτις

217 776 458 866 Ἕκτωρ
503 782 780 857 Αἰνείας
820 802 891 845 τε
947 775 1049 845 ἰδὲ
1090 783 1383 865 Χρομίος
1424 782 1760 865 θεοειδής,

216 883 488 972 Ἄρητον
535 882 610 952 δὲ
652 882 794 952 κατ’
837 879 1001 950 αὖθι
1043 888 1240 952 λίπον
1286 885 1720 972 δεδαϊγμένον
1762 883 1923 972 ἦτορ
2115 902 2218 953 535

225 995 541 1078 κείμενον.
629 990 1037 1077 Αὐτομέδων
1084 989 1160 1058 δὲ
1201 998 1349 1080 θοῷ
1395 992 1755 1071 ἀτάλαντος
1780 993 1976 1079 ’Ἀρηι

225 1098 450 1183 τεύχεά
492 1094 551 1162 τ’
595 1096 921 1184 ἐξενάριξε
962 1095 1074 1163 καὶ
1117 1097 1473 1183 εὐχόμενος
1517 1101 1671 1176 ἔπος
1715 1099 1917 1182 ηὔδα·

225 1199 305 1288 ,,ἦ
352 1205 436 1288 δὴ
483 1204 614 1288 μὰν
658 1202 890 1287 ὀλίγον
930 1225 1008 1287 γε
1051 1203 1504 1269 Μενοιτιάδαο
1548 1206 1881 1281 θανόντος

221 1319 340 1395 κῆρ
388 1311 581 1395 ἄχεος
625 1307 945 1394 μεθέηκα,
988 1309 1293 1395 χερείονά
1334 1332 1458 1396 περ
1500 1311 2002 1395 καταπεφνών.“

307 1410 399 1493 ὧς
443 1416 646 1482 εἰπὼν
692 1415 758 1492 ἐς
803 1415 1051 1500 δίφρον
1096 1413 1266 1481 ἑλὼν
1311 1417 1514 1502 ἔναρα
1557 1418 1915 1502 βροτόεντα
2116 1432 2221 1483 540

221 1519 408 1606 θῆκ’,
456 1519 539 1586 ἂν
585 1518 648 1586 δ’
690 1521 890 1599 αὐτὸς
936 1524 1155 1606 ἔβαινε
1199 1523 1409 1599 πόδας
1449 1518 1560 1588 καὶ
1602 1531 1823 1608 χεῖρας
1865 1522 2159 1608 ὕπερθεν

224 1629 582 1713 αἱματόεις,
627 1628 717 1705 ὥς
756 1629 858 1705 τίς
899 1650 969 1693 τε
1013 1625 1185 1693 λέων
1226 1628 1391 1693 κατὰ
1433 1636 1681 1715 ταῦρον
1728 1627 1995 1712 ἐδηδώς.

315 1733 409 1812 ἂψ
455 1730 518 1799 δ’
561 1730 668 1800 ἐπὶ
711 1735 1076 1823 Πατρόκλῳ
1121 1731 1348 1800 τέτατο
1391 1736 1670 1821 κρατερὴ
1714 1734 1957 1820 ὑσμίνη

229 1839 508 1927 ἀργαλέη
553 1840 1001 1926 πολύδακρυς,
1047 1842 1257 1925 ἔγειρε
1303 1837 1378 1907 δε
1419 1851 1637 1919 νεῖκος
1674 1838 1922 1926 Ἀθήνη

233 1946 633 2034 [οὐρανόθεν
673 1949 1034 2030 καταβᾶσα·
1077 1954 1325 2032 προῆκε
1366 1948 1495 2033 γὰρ
1541 1947 1834 2033 εὐρύοπα
1880 1947 2047 2023 Ζεὺς
2117 1961 2220 2011 545

232 2051 587 2137 ὀρνύμεναι
627 2052 965 2129 Δαναούς·
1013 2053 1094 2136 δὴ
1139 2053 1265 2137 γὰρ
1310 2055 1469 2129 νόος
1512 2048 1804 2137 ἐτράπετ’
1847 2051 2097 2133 αὐτοῦ.]

230 2157 381 2240 ἠύτε
422 2155 814 2244 πορφυρέην
859 2152 997 2244 ἶριν
1039 2163 1355 2242 θνητοῖσι
1395 2157 1691 2243 τανύσσῃ

232 2266 392 2340 Ζεὺς
437 2262 505 2343 ἐξ
550 2263 957 2349 οὐρανόθεν,
1010 2261 1204 2350 τέρας
1250 2265 1519 2348 ἔμμεναι
1562 2262 1604 2346 ἢ
1649 2261 1959 2347 πολέμοιο

230 2369 270 2455 ἢ
310 2368 420 2436 καὶ
465 2379 784 2455 χειμῶνος
827 2367 1274 2450 δυσθαλπέος,
1321 2369 1393 2447 ὅς
1437 2367 1523 2455 ῥά
1564 2390 1637 2434 τε
1681 2371 1895 2455 ἔργων

232 2477 626 2562 ἀνθρώπους
669 2461 1041 2542 ἀνέπαυσεν
1084 2474 1190 2542 ἐπὶ
1232 2478 1463 2561 χθονί,
1511 2480 1681 2560 μῆλα
1720 2472 1794 2541 δὲ
1836 2478 2052 2561 κήδει,
2117 2491 2221 2543 550

234 2579 316 2661 ὥς
356 2582 400 2666 ἡ
444 2579 790 2668 πορφυρέῃ
835 2579 1081 2669 νεφέλῃ
1124 2582 1472 2648 πυκάσασα
1516 2581 1552 2647 ἓ
1594 2581 1802 2665 αὐτὴν

236 2686 448 2755 δύσετ’
492 2682 766 2773 Ἀχαιῶν
813 2690 1048 2771 ἔθνος,
1093 2690 1303 2775 ἔγειρε
1349 2685 1423 2755 δὲ
1468 2697 1656 2773 φῶτα
1701 2687 1991 2754 ἕκαστον.

235 2805 491 2881 πρῶτον
536 2789 598 2858 δ’
640 2790 900 2879 Ἀτρέος
941 2793 1093 2860 υἱὸν
1138 2794 1593 2880 ἐποτρύνουσα
1635 2794 2009 2879 προσηύδα,

237 2906 515 2986 ἴφθιμον
557 2897 937 2983 Μενέλαον,
985 2898 1021 2964 ὁ
1065 2900 1191 2986 γάρ
1236 2899 1323 2986 ῥά
1365 2901 1437 2967 οἱ
1475 2900 1762 2984 ἐγγύθεν
1811 2894 1959 2982 ᾖεν,

239 3003 537 3090 εἰσαμένη
588 3008 853 3071 Φοίνικι
897 3003 1097 3089 δέμας
1137 3003 1248 3071 καὶ
1292 3004 1546 3092 ἀτειρέα
1591 3007 1853 3090 φωνήν·
2118 3022 2220 3072 555

239 3110 385 3195 ,,σοὶ
426 3108 548 3197 μὲν
594 3112 708 3196 δή,
753 3109 1086 3193 Μενέλαε,
1132 3114 1449 3194 κατηφείη
1494 3108 1603 3176 καὶ
1647 3111 1907 3187 ὄνειδος

244 3219 517 3301 ἔσσεται,
563 3223 630 3284 εἴ
664 3212 726 3283 κ’
771 3214 1064 3302 Ἀχιλῆος
1108 3215 1363 3299 ἀγαυοῦ
1404 3217 1637 3281 πιστὸν
1684 3215 1944 3302 ἑταῖρον

243 3325 425 3409 τείχει
465 3323 596 3390 ὕπο
649 3325 896 3411 Τρώων
939 3319 1161 3407 ταχέες
1201 3321 1397 3400 κύνες
1440 3320 1856 3407 ἑλκήσουσιν·

246 3427 375 3494 ἀλλ’
416 3432 559 3514 ἔχεο
601 3439 957 3516 κρατερῶς,
1005 3429 1241 3513 ὄτρυνε
1290 3423 1366 3492 δὲ
1409 3427 1572 3492 λαὸν
1616 3428 1934 3522 ἅπαντα.“

324 3535 439 3620 τὴν
485 3532 547 3602 δ’
590 3529 745 3601 αὖτε
786 3530 1134 3620 προσέειπε
1177 3532 1346 3616 βοὴν
1390 3531 1640 3614 ἀγαθὸς
1683 3529 2051 3662 Μενέλαος·
2119 3545 2219 3592 560

1727 3635 1761 3682 ε
