2525 3884
253 183 382 250 182
1059 182 1363 235 ΙΜΑΔΟΣ
1391 182 1458 235 Φ.

247 327 412 394 ἀλλὰ
455 330 617 413 φίλη
662 329 906 412 μήτηρ,
951 326 994 410 ἦ
1038 349 1119 410 με
1162 325 1523 405 ψεύδεσσιν
1568 326 1874 408 ἔθελγεν,

246 437 289 520 ἦ
333 430 402 520 μ’
454 436 661 519 ἔφατο
716 433 964 519 Τρώων
1010 431 1138 498 ὑπὸ
1183 433 1386 516 τείχει·
1423 430 1839 517 θωρηκτάων

248 545 599 625 λαιψηροῖς
645 535 956 604 ὀλέεσθαι
993 532 1403 613 Ἀπόλλωνος
1445 533 1803 619 βελέεσσιν.

249 646 337 723 ὥς
361 642 433 730 μ’
461 639 652 730 ὄφελ’
669 642 922 727 Ἕκτωρ
949 653 1221 726 κτεῖναι,
1251 641 1325 719 ὃς
1343 641 1590 707 ἐνθάδε
1615 636 1680 725 γ’
1712 637 1944 727 ἔτραφ’
1969 642 2283 728 ἄριστος·

246 758 338 839 τῷ
370 749 430 817 κ’
455 749 711 834 ἀγαθὸς
736 746 859 835 μὲν
886 744 1143 834 ἔπεφν’,
1182 747 1445 831 ἀγαθὸν
1474 746 1553 813 δέ
1573 770 1689 813 κεν
1716 745 2100 833 ἐξενάριξεν.
2155 765 2281 814 280

247 866 376 923 νῦν
423 854 504 922 δέ
541 880 623 941 με
668 853 1000 943 λευγαλέῳ
1045 854 1321 943 θανάτφ
1366 854 1633 940 εἵμαρτο
1680 852 1930 920 ἁλῶναι

250 958 553 1048 ἐρχθέντ’
606 962 680 1028 ἐν
723 961 984 1049 μεγάλω
1029 968 1323 1048 ποταμῷ,
1368 960 1459 1037 ὡς
1500 961 1706 1025 παῖδα
1750 963 2129 1047 συφορβόν,

255 1069 333 1133 ὅν
377 1067 464 1154 ῥά
507 1064 574 1132 τ’
625 1070 902 1145 ἔναυλος
946 1064 1236 1152 ἀποέρσῃ
1283 1076 1555 1150 χειμῶνι
1598 1068 1964 1153 περῶντα.“

339 1168 428 1250 ὦς
471 1172 668 1259 φάτο,
710 1180 802 1262 τῷ
851 1168 926 1238 δὲ
971 1169 1119 1257 μάλ’
1171 1168 1311 1238 ὦκα
1356 1172 1752 1238 Ποσειδάων
1797 1170 1909 1237 καὶ
1945 1170 2202 1257 Ἀθήνη

252 1282 494 1364 στήτην
540 1280 737 1364 ἐγγὺς
782 1281 979 1362 ἰόντε,
1027 1277 1226 1363 δέμας
1272 1273 1335 1343 δ’
1387 1279 1746 1365 ἄνδρεσσιν
1782 1278 2033 1361 ἐίκτην,
2159 1294 2273 1345 285

251 1383 422 1473 χειρὶ
467 1381 541 1452 δὲ
585 1396 772 1473 χεῖρα
816 1388 1130 1470 λαβόντες
1175 1378 1604 1450 ἐπιστώσαντ’
1655 1383 1971 1450 ἐπέεσσιν.

251 1503 423 1558 τοῖσι
468 1489 544 1559 δὲ
589 1494 831 1577 μύθων
873 1487 1033 1577 ἦρχε
1078 1490 1476 1556 Ποσειδάων
1509 1489 1924 1576 ἐνοσίχθων·

250 1601 627 1683 ,,Πηλεΐδη,
673 1594 820 1683 μήτ’
872 1599 955 1684 ἄρ
999 1619 1064 1662 τι
1109 1599 1262 1680 λίην
1307 1594 1453 1683 τρέε
1496 1598 1659 1681 μήτε
1701 1621 1767 1662 τι
1808 1598 2061 1683 τάρβει·
2101 1650 2110 1659 .

250 1705 407 1769 τοίω
452 1705 580 1790 γάρ
626 1727 729 1769 τοι
763 1714 889 1769 νῶι
931 1709 1115 1769 θεῶν
1159 1701 1578 1788 ἐπιταρρόθω
1626 1700 1807 1788 εἰμὲν

254 1810 470 1892 Ζηνὸς
513 1809 1017 1894 ἐπαινήσαντος,
1063 1809 1191 1892 ἐγὼ
1235 1805 1347 1874 καὶ
1393 1810 1661 1887 Παλλὰς
1696 1806 1982 1893 Ἀθήνη·
2159 1827 2269 1877 290
2355 1872 2380 1901 s

253 1914 342 1991 ὡς
387 1914 470 1981 οὔ
514 1938 618 1981 τοι
661 1922 930 2003 ποταμῷ
975 1939 1053 1998 γε
1099 1915 1470 1999 δαμήμεναι
1515 1917 1782 1999 αἴσιμόν
1829 1915 2041 1999 ἐστιν,

254 2017 397 2086 ἀλλ’
449 2022 562 2087 ὅδε
608 2017 729 2106 μὲν
771 2020 933 2106 τάχα
979 2022 1305 2105 λωφήσει,
1351 2022 1438 2085 σὺ
1485 2016 1559 2086 δὲ
1605 2026 1808 2086 εἴσεαι
1854 2021 2078 2100 αὐτός·

254 2126 462 2212 αὐτάρ
506 2151 612 2193 τοι
654 2138 948 2204 πυκινῶς
990 2124 1486 2210 ὑποθησόμεθ’,
1535 2132 1613 2192 αἴ
1648 2142 1720 2194 κε
1764 2130 2031 2212 πίθηαι·

252 2233 341 2316 μὴ
384 2231 545 2319 πρὶν
588 2235 826 2299 παύειν
870 2243 1091 2318 χεῖρας
1134 2231 1397 2317 ὁμοιίου
1440 2232 1786 2318 πολέμοιο,

252 2334 411 2423 πρὶν
455 2340 618 2404 κατὰ
653 2338 892 2424 Ἰλιόφι
933 2339 1139 2405 κλυτὰ
1182 2341 1397 2423 τείχεα
1441 2340 1606 2405 λαὸν
1652 2337 1869 2405 ἐέλσαι
2159 2359 2262 2408 295

260 2445 578 2529 Τρωικόν,
626 2444 699 2523 ὅς
741 2469 813 2512 κε
849 2446 1132 2531 φύγῃσι·
1173 2447 1260 2510 σὺ
1309 2440 1370 2509 δ’
1406 2442 1671 2532 ’Ἐκτορι
1705 2448 1932 2531 θυμὸν
1968 2446 2266 2533 ἀπούρας

253 2547 346 2629 ἂψ
392 2547 498 2614 ἐπὶ
540 2558 703 2633 νῆας
740 2556 918 2634 ἴμεν·
966 2552 1241 2635 δίδομεν
1288 2549 1368 2616 δέ
1405 2573 1509 2616 τοι
1554 2545 1745 2635 εὖχος
1789 2550 2136 2637 ἀρέσθαι.“

339 2654 430 2720 τὼ
478 2650 599 2739 μὲν
643 2651 749 2741 ἄρ’
803 2649 891 2732 ὧς
934 2656 1194 2721 εἰπόντε
1237 2651 1376 2740 μετ’
1429 2656 1810 2734 ἀθανάτους
1853 2656 2218 2742 ἀπεβήτην,

254 2760 459 2847 αὐτὰρ
505 2760 542 2825 ὁ
588 2763 694 2845 βῆ,
739 2752 904 2845 μέγα
939 2760 1066 2844 γάρ
1113 2758 1198 2845 ῥα
1241 2767 1424 2827 θεῶν
1471 2763 1766 2848 ὤτρυνεν
1811 2762 2088 2848 ἐφετμή,

253 2866 320 2943 ἐς
362 2868 619 2933 πεδίον·
664 2868 741 2933 τὸ
780 2862 853 2932 δὲ
895 2875 1027 2932 πᾶν
1072 2861 1277 2950 πλῆθ’
1328 2867 1571 2946 ὕδατος
1614 2866 2029 2953 ἐκχυμένοιο,
2161 2888 2265 2937 300

251 2974 462 3041 πολλὰ
507 2969 582 3039 δὲ
624 2973 857 3058 τεύχεα
899 2974 1067 3038 καλὰ
1113 2971 1567 3057 δαϊκταμένων
1612 2976 1854 3058 αἰζηῶν

251 3082 475 3144 πλῶον
519 3076 630 3144 καὶ
673 3075 920 3155 νέκυες.
963 3074 1086 3143 τοῦ
1132 3072 1199 3142 δ’
1249 3077 1462 3157 ὑψόσε
1505 3076 1775 3162 γούνατ’
1827 3079 2037 3163 ἐπήδα

251 3185 416 3267 πρὸς
454 3182 625 3269 ῥόον
669 3184 1018 3262 ἀίσσοντος
1063 3179 1170 3250 ἀν’
1223 3186 1416 3269 ἰθύν,
1464 3182 1628 3250 οὐδέ
1666 3210 1783 3270 μιν
1820 3192 2002 3270 ἴσχεν

253 3289 417 3375 εὐρὺ
460 3287 635 3374 ῥέων
678 3292 996 3373 ποταμός·
1040 3287 1208 3374 μέγα
1251 3292 1380 3376 γὰρ
1425 3288 1673 3368 σθένος
1721 3287 1949 3375 ἔμβαλ’
1997 3287 2265 3378 Ἀθήνη.

254 3394 414 3462 οὐδὲ
441 3396 882 3482 Σκάμανδρος
909 3398 1100 3479 ἔληγε
1124 3398 1201 3462 τὸ
1230 3396 1311 3462 ὃν
1339 3394 1557 3480 μένος,
1587 3392 1730 3462 ἀλλ’
1765 3400 1860 3462 ἔτι
1881 3402 2135 3482 μᾶλλον
2162 3417 2266 3467 3οό

252 3502 454 3586 χώετο
502 3505 858 3587 Πηλεΐωνι,
902 3504 1187 3595 κόρυσσε
1235 3498 1310 3567 δὲ
1351 3509 1525 3587 κῦμα
1569 3501 1756 3587 ῥόοιο
