2525 3884
273 196 318 258 4
1074 191 1377 242 ΙΛΙΑΔοΣ
1411 191 1477 242 N.

275 337 392 401 καί
422 352 587 419 σφιν
631 335 788 417 ἄχος
831 333 994 398 κατὰ
1036 333 1262 417 θυμὸν
1308 330 1601 415 ἐγίγνετο
1649 327 2150 415 δερκομένοισιν

291 444 549 523 Τρῶας,
593 437 698 504 τοὶ
744 437 908 523 μέγα
951 448 1163 522 τεῖχος
1206 434 1743 522 ὑπερκατέβησαν
1788 435 2013 526 ὁμίλῳ·

275 548 432 621 τοὺς
479 545 551 610 οἵ
589 542 643 627 γ’
697 546 1122 627 εἰσορόωντες
1165 540 1278 608 ὑπ’
1332 543 1578 628 ὀφρύσι
1624 541 1878 626 δάκρυα
1924 545 2175 625 λεῖβον·

276 651 358 716 οὐ
393 652 522 736 γάρ
569 654 742 735 ἔφαν
788 648 1155 734 φεύξεσθαι
1198 645 1364 714 ὑπὲκ
1406 656 1632 713 κακοῦ.
1705 641 1853 712 ἀλλ’
1905 647 2284 730 ἐνοσίχθων

246 757 419 842 -ῥεῖα
465 757 927 841 μετεισάμενος
970 756 1286 840 κρατερὰς
1332 756 1584 840 ὤτρυνε
1631 753 1989 838 φάλαγγας.
2215 770 2285 820 90

282 867 579 949 Τεῦκρον
625 865 731 927 ἔπι
774 870 1036 944 πρῶτον
1081 859 1190 926 καὶ
1234 862 1488 944 Λήιτον
1529 855 1700 943 ἦλθε
1743 861 2030 925 κελεύων

276 967 636 1052 Πηνέλεών
679 964 751 1032 θ’
809 969 994 1050 ἥρωα
1039 968 1300 1033 Θόαντά
1343 990 1413 1032 τε
1458 968 1811 1051 Δηίπυρόν
1855 988 1926 1031 τε

284 1076 645 1158 Μηριόνην
689 1096 759 1138 τε
802 1071 913 1137 καὶ
952 1070 1360 1158 Ἀντίλοχον,
1406 1075 1753 1157 μήστωρας
1798 1071 2021 1155 ἀυτῆς·

273 1182 430 1255 τοὺς
475 1179 512 1244 ὅ
557 1175 622 1262 γ’
675 1179 1057 1265 ἐποτρύνων
1104 1180 1259 1243 ἔπεα
1304 1181 1658 1263 πτερόεντα
1703 1179 2073 1263 προσηύδα·

275 1285 553 1369 ,,αἰδώς,
595 1281 898 1371 Ἀργεῖοι,
942 1293 1177 1369 κοῦροι
1220 1283 1391 1349 νέοι·
1438 1283 1647 1368 ὔμμιν
1693 1283 1820 1367 ἐγώ
1864 1307 1941 1366 γε
2218 1300 2287 1350 95

281 1389 761 1476 μαρναμένοισι
803 1389 1095 1455 πέποιθα
1140 1388 1550 1473 σαωσέμεναι
1594 1388 1749 1466 νέας
1794 1387 1985 1472 ἀμάς·

277 1498 339 1562 εἰ
382 1494 444 1560 δ’
496 1493 687 1581 ὑμεῖς
730 1494 1045 1580 πολέμοιο
1092 1497 1413 1579 μεθήσετε
1459 1494 1872 1579 λευγαλέοιο,

274 1593 404 1667 νῦν
444 1603 534 1686 ιδὴ
583 1603 824 1668 εἴδεται
867 1596 1043 1686 ἦμαρ
1087 1597 1218 1665 ὑπὸ
1263 1601 1558 1685 Τρώεσσι
1604 1601 1907 1685 δαμῆναι.

277 1707 329 1772 ὢ
374 1710 597 1790 πόποι,
642 1702 684 1790 ἦ
732 1706 896 1791 μέγα
942 1712 1172 1789 θαῦμα
1215 1703 1358 1771 τόδ’
1412 1706 1860 1792 ὀφθαλμοῖσιν
1907 1706 2186 1794 ὁρῶμαι,
2253 1742 2256 1745 -

277 1813 532 1896 δεινόν,
581 1812 616 1878 ὃ
656 1811 738 1878 οὔ
783 1807 929 1876 ποτ’
965 1810 1093 1894 ἐγώ
1137 1834 1213 1893 γε
1258 1814 1770 1896 τελευτήσεσθαι
1818 1816 2141 1899 ἔφασκον,
2188 1828 2284 1877 ιοο

297 1921 527 2003 Τρῶας
571 1912 678 2003 ἐφ’
728 1916 1044 2001 ἡμετέρας
1091 1915 1257 1981 ἰέναι
1302 1914 1487 2002 νέας,
1527 1922 1598 1983 οἳ
1634 1920 1711 1984 τὸ
1755 1920 1964 2005 πάρος
2005 1940 2126 2003 περ

278 2028 638 2110 φυζακινῇς
683 2021 1028 2107 ἐλάφοισιν
1075 2020 1404 2106 ἐοίκεσαν,
1453 2023 1528 2087 αἴ
1565 2045 1634 2087 τε
1677 2020 1833 2087 καθ’
1886 2024 2056 2106 ὕλην

280 2131 488 2195 θώων
534 2130 921 2215 παρδαλίων
964 2149 1034 2191 τε
1080 2128 1301 2193 λύκων
1343 2125 1400 2192 τ’
1452 2129 1565 2210 ἤια
1609 2125 1918 2192 πέλονται

287 2236 503 2313 αὔτως
546 2235 954 2318 ἠλάσκουσαι
998 2233 1373 2317 ἀνάλκιδες,
1422 2230 1569 2298 οὐδ’
1623 2235 1729 2298 ἔπι
1772 2233 2015 2317 χάρμη·

284 2336 372 2419 ὧς
427 2346 646 2427 Τρῶες
688 2342 764 2404 τὸ
810 2343 969 2422 πρίν
1014 2364 1088 2423 γε
1132 2337 1332 2424 μένος
1375 2337 1486 2404 καὶ
1529 2349 1752 2423 χεῖρας
1789 2334 2065 2423 Ἀχαιῶν
2188 2358 2282 2408 105

284 2450 551 2531 μίμνειν
596 2445 719 2511 οὐκ
763 2442 1119 2511 ἐθέλεσκον
1165 2446 1503 2526 ἐναντίον,
1551 2440 1698 2509 οὐδ’
1753 2445 2007 2529 ἠβαιόν.

278 2561 409 2617 νῦν
457 2548 531 2617 δὲ
576 2549 725 2628 ἑκὰς
769 2553 997 2626 πόλιος
1040 2554 1268 2636 κοίλῃς
1314 2549 1418 2616 ἐπὶ
1463 2548 1662 2633 νηυσὶ
1707 2552 2023 2636 μάχονται

279 2658 602 2743 ἡγεμόνος
646 2659 953 2740 κακότητι
996 2657 1513 2741 μεθημοσύνῃσί
1550 2679 1619 2721 τε
1665 2661 1874 2741 λαῶν,

282 2767 352 2829 οἳ
388 2768 584 2852 κείνφ
632 2763 967 2849 ἐρίσαντες
1011 2761 1342 2847 ἀμυνέμεν
1388 2762 1510 2827 οὐκ
1553 2761 1907 2828 ἐθέλουσιν

278 2881 460 2953 νηῶν
502 2869 892 2955 ὠκυπόρων,
940 2868 1104 2933 ἀλλά
1145 2872 1516 2933 κτείνονται
1560 2862 1665 2933 ἀν’
1717 2868 1932 2945 αύτάς.
2183 2888 2283 2937 110

279 2972 419 3040 ἀλλ’
473 2977 536 3042 εἰ
577 2977 658 3059 δὴ
704 2974 816 3040 καὶ
859 2975 1131 3060 πάμπαν
1175 2973 1494 3058 ἐτήτυμον
1540 2977 1745 3051 αἴτιός
1790 2974 1970 3040 ἐστιν

278 3083 453 3167 ἥρως
489 3078 821 3165 Ἀτρεΐδης
867 3080 1029 3165 εὐρὺ
1072 3083 1313 3166 κρείων
1351 3074 1792 3165 Ἀγαμέμνων,

279 3182 497 3253 οὕνεκ’
547 3187 907 3271 ἀπητίμησε
951 3187 1253 3250 ποδώκεα
1299 3189 1669 3269 Πηλεΐωνα,

276 3292 480 3378 ἡμέας
521 3290 585 3376 γ’
640 3293 723 3358 οὔ
767 3315 903 3369 πως
948 3295 1087 3357 ἔστι
1131 3290 1513 3377 μεθιέμεναι
1559 3290 1889 3376 πολέμοιο.

277 3395 419 3465 ἀλλ’
453 3400 796 3483 ἀκεώμεθα
821 3405 1108 3464 θᾶσσον·
1154 3398 1424 3464 ἀκεσταί
1460 3420 1564 3462 τοι
1590 3395 1829 3480 φρένες
1873 3398 2151 3464 ἐσθλῶν.
2184 3415 2283 3464 115

277 3506 464 3590 ὑμεῖς
510 3502 570 3571 δ’
626 3503 844 3571 οὐκέτι
885 3507 1052 3570 καλὰ
1098 3508 1359 3589 μεθίετε
1404 3504 1727 3589 θούριδος
1771 3503 1970 3586 ἀλκῆς
