2525 3884
1033 166 1337 220 mmoz
1370 168 1492 223 xx,
2140 164 2265 231 163

287 305 555 388 βάλλεαι·
603 306 771 374 ἀλλά
817 304 879 374 σ’
931 307 1060 391 ἐγώ
1103 302 1169 392 γ’
1219 307 1736 395 ἀναχωρήσαντα
1781 308 2026 376 κελεύω

285 411 343 489 ἐς
379 415 646 497 πληθὺν
692 411 882 497 ἰέναι,
928 408 1084 499 μηδ’
1134 414 1360 493 ἀντίος
1403 411 1613 481 ἴστασ’
1664 413 1874 500 ἐμεῖο,

276 521 424 603 πρίν
465 542 530 584 τι
573 521 778 584 κακὸν
821 517 1127 585 παθέειν·
1175 517 1418 605 ῥεχθὲν
1465 517 1545 586 δέ
1582 542 1653 587 τε
1697 522 1931 604 νήπιος
1975 521 2209 606 ἔγνω.“

275 652 277 659 <
353 625 469 691 τὸν
516 619 579 690 δ’
630 620 776 691 αὖτ’
826 627 1097 703 Αἰνείας
1142 625 1538 711 ἀπαμείβετο
1585 626 1897 711 φώνησέν
1941 647 2038 694 τε·

272 732 633 815 ,,Πηλεΐδη,
679 732 767 815 μὴ
815 731 899 816 δή
944 728 1010 816 μ’
1063 729 1331 798 ἐπέεσσί
1367 754 1444 816 γε
1487 732 1813 814 νηπύτιον
1858 731 1948 810 ὣς
2167 750 2272 799 200

272 838 457 902 ἔλπεο
504 835 930 920 δειδίξεσθαι,
977 835 1118 903 ἐπεὶ
1161 838 1344 921 σάφα
1390 832 1541 903 οἶδα
1584 836 1696 905 καὶ
1741 837 1938 917 αὐτὸς

269 939 430 1027 ἠμὲν
473 945 823 1028 κερτομίας
865 936 972 1026 ἠδ’
1015 947 1253 1009 αἴσυλα
1296 946 1753 1028 μυθήσασθαι.

273 1050 460 1134 ἴδμεν
507 1045 567 1114 δ’
619 1048 923 1133 ἀλλήλων
964 1051 1224 1134 γενεήν,
1271 1050 1462 1134 ἴδμεν
1508 1046 1583 1116 δὲ
1624 1059 1892 1136 τοκῆας,

198 1153 205 1157 ’
270 1151 575 1239 πρόκλυτ’
626 1154 980 1232 ἀκούοντες
1025 1156 1181 1220 ἔπεα
1222 1161 1496 1238 θνητῶν
1542 1155 1948 1241 ἀνθρώπων,

273 1262 419 1339 ὄψει
446 1254 509 1326 δ’
546 1254 694 1325 οὔτ’
726 1258 811 1347 ἄρ
836 1281 940 1327 πω
967 1262 1054 1327 σὺ
1080 1260 1280 1345 ἐμοὺς
1307 1262 1443 1338 ἴδες
1479 1256 1620 1326 οὔτ’
1651 1256 1759 1347 ἄρ’
1791 1261 1920 1345 ἐγὼ
1947 1262 2125 1341 σούς.
2172 1277 2274 1330 206

274 1363 438 1451 φασὶ
481 1362 554 1431 σε
597 1362 721 1449 μὲν
766 1370 1035 1451 Πηλῆος
1077 1365 1419 1451 ἀμύμονος
1462 1368 1741 1450 ἔκγονον
1786 1363 1986 1451 εἶναι,

273 1473 513 1558 μητρὸς
558 1469 621 1538 δ’
672 1471 744 1537 ἐκ
787 1471 1058 1551 Θέτιδος
1100 1472 1632 1557 καλλιπλοκάμου
1677 1471 2075 1558 ἁλοσύδνης·

274 1579 476 1665 αὐτὰρ
522 1577 693 1663 ἐγὼν
735 1578 880 1656 υίὸς
923 1580 1367 1666 μεγαλήτορος
1403 1573 1706 1665 Ἀγχίσαο

273 1686 543 1771 εὔχομαι
587 1685 968 1769 ἐκγεγάμεν,
1013 1687 1225 1770 μήτηρ
1274 1685 1353 1751 δέ
1391 1688 1513 1770 μοι’
1551 1681 1685 1753 ἐστ’
1728 1684 2114 1775 Ἀφροδίτη·

271 1802 403 1857 τῶν
451 1791 532 1874 δὴ
576 1799 706 1856 νῦν
748 1789 968 1877 ἕτεροί
1004 1814 1079 1874 γε
1125 1794 1326 1875 φίλον
1369 1794 1576 1859 παῖδα
1618 1795 2022 1861 κλαύσονται
2174 1809 2279 1859 210

249 1901 589 1984 σήμερον·
635 1896 716 1962 οὐ
759 1897 885 1982 γάρ
933 1894 1096 1983 φημ’
1150 1897 1414 1964 ἐπέεσσί
1450 1923 1526 1983 γε
1570 1903 1990 1985 νηπυτίοισιν

270 2000 399 2071 ὧδε
445 2002 906 2087 διακρινθέντε
949 2004 1158 2088 μάχης
1203 2002 1694 2083 ἐξαπονέεσθαι.

268 2112 333 2177 εἴ
373 2106 436 2176 δ’
491 2108 741 2186 ἐθέλεις
785 2106 895 2175 καὶ
936 2118 1140 2175 ταῦτα
1186 2111 1531 2193 δαήμεναι,
1578 2108 1734 2196 ὄφρ’
1787 2109 1862 2176 ἐὺ
1908 2111 2088 2197 εἰδῇς

268 2212 594 2302 ἡμετέρην
636 2217 892 2300 γενεήν,
937 2213 1172 2281 πολλοὶ
1218 2215 1298 2281 δέ
1338 2239 1453 2299 μιν
1497 2217 1735 2301 ἄνδρες
1780 2222 2029 2282 ἴσασιν·

267 2321 634 2408 Δάρδανον
678 2314 764 2385 αὖ
806 2330 1070 2406 πρῶτον
1113 2318 1333 2386 τέκετο
1377 2320 1855 2406 νεφεληγερέτα
1903 2323 2099 2406 Ζεύς,
2175 2340 2279 2391 216

269 2431 495 2493 κτίσσε
533 2422 607 2492 δὲ
651 2426 1069 2511 Δαρδανίην,
1116 2423 1253 2492 ἐπεὶ
1293 2426 1376 2491 οὔ
1418 2447 1521 2492 πω
1547 2425 1753 2506 Ἴλιος
1798 2429 1905 2516 ἱρὴ

271 2533 346 2599 ἐν
381 2532 588 2618 πεδίῳ
633 2532 985 2596 πεπόλιστο
1028 2534 1220 2609 πόλις
1261 2533 1571 2617 μερόπων
1614 2532 2025 2619 ἀνθρώπων,

270 2632 418 2705 ἀλλ’
470 2631 573 2703 ἔθ’
622 2636 951 2722 ὑπωρείας
994 2635 1205 2724 ᾤκεον
1246 2641 1696 2718 πολυπίδακος
1721 2638 1923 2725 Ἴδης.

184 2735 199 2745 ’
269 2744 626 2828 Δάρδανος
670 2737 755 2808 αὖ
796 2737 1015 2808 τέκεθ’
1064 2743 1219 2809 υἱὸν
1255 2737 1679 2831 Ἐριχθόνιον
1728 2748 2041 2832 βασιλῆα,

272 2849 345 2928 ὃς
390 2850 473 2933 δὴ
518 2848 948 2933 ἀφνειότατος
989 2847 1216 2933 γένετο
1258 2857 1533 2935 θνητῶν
1578 2851 1985 2938 ἀνθρώπων·
2178 2869 2281 2919 220

270 2964 390 3021 τοῦ
433 2958 785 3041 τρισχίλιαι
830 2954 1017 3021 ἵπποι
1062 2955 1209 3032 ἕλος
1250 2956 1415 3022 κάτα
1460 2955 1900 3040 βουκολέοντο

272 3063 556 3146 θήλειαι,
600 3061 920 3128 πώλοισιν
955 3060 1399 3146 ἀγαλλόμεναι
1442 3061 1775 3147 ἀταλῇσιν.

273 3167 446 3233 τάων
488 3164 599 3233 καὶ
641 3165 893 3254 Βορέης
937 3166 1269 3252 ἠράσσατο
1315 3167 1815 3253 βοσκομενάων,

278 3272 448 3359 ’ἵππω
496 3268 559 3338 δ’
609 3272 949 3359 εἰσάμενος
990 3269 1389 3358 παρελέξατο
1432 3277 1861 3361 κυανοχαίτῃ·

276 3378 345 3443 αἰ
378 3376 439 3444 δ’
489 3378 982 3464 ὑποκυσάμεναι
1027 3381 1252 3456 ἔτεκον
1299 3380 1693 3445 δυοκαίδεκα
1739 3381 2016 3459 πώλους.
2178 3392 2278 3443 225

276 3483 347 3548 αἱ
386 3478 449 3549 δ’
501 3484 610 3549 ὅτε
653 3481 775 3567 μὲν
820 3469 1138 3570 σκιρτῷεν
1184 3481 1292 3548 ἐπὶ
1340 3484 1652 3568 ζείδωρον
1698 3485 2026 3568 ἄρουραν,

1853 3588 1878 3635 1
1899 3582 1969 3635 ι*
