2525 3884
288 217 373 282 26
1112 218 1412 270 mAAoz
1457 219 1523 273 N.

287 361 496 446 ἀγχοῦ
541 358 603 425 δ’
658 361 1004 444 ἱστάμενος
1034 359 1341 446 προσέφη
1388 362 1686 446 αἰσχροῖς
1730 359 2054 426 ἐπέεσσιν·

287 467 666 552 ,,Δύσπαρι,
713 461 892 543 εἶδος
937 467 1180 552 ἄριστε,
1225 464 1629 550 γυναιμανὲς
1671 466 2105 550 ἠπεροπευτά,

288 581 419 638 ποῦ
462 595 567 637 τοι
608 575 962 657 Δηίφοβός
1003 595 1073 638 τε
1118 575 1230 656 βίη
1276 567 1350 637 θ’
1394 569 1686 639 Ἑλένοιο
1733 575 2013 650 ἄνακτος
2193 591 2325 642 ’170

284 676 591 762 Ἀσιάδης
633 675 691 743 τ’
738 675 1021 763 Ἀδάμας
1064 676 1170 761 ἡδ’
1206 677 1434 755 ’Ἀσιος
1468 675 1808 765 Ὑρτάκου
1852 680 2024 757 υίός;

290 794 422 850 ποῦ
467 784 546 850 δέ
584 808 687 851 τοι
726 781 1155 869 Ὀθρυονεύς;
1214 794 1342 850 νῦν
1388 786 1591 851 ὤλετο
1636 795 1812 852 πᾶσα
1856 780 1997 850 κατ’
2046 786 2258 871 ἄκρης

276 891 479 968 Ἴλιος
524 893 805 974 αἰπεινή,
852 900 979 956 νῦν
1021 914 1127 957 τοι
1171 901 1303 968 σῶς
1346 893 1542 968 αἰπὺς
1588 893 1932 977 ὅλεθρος.“

378 999 499 1063 τὸν
545 995 607 1062 δ’
660 993 815 1062 αὖτε
861 996 1250 1082 προσέειπεν
1291 992 1715 1084 Ἀλέξανδρος
1756 999 2091 1081 θεοειδής·

291 1103 580 1190 ,ζἘκτορ,
628 1103 775 1169 ἐπεί
811 1127 915 1170 τοι
959 1105 1181 1189 θυμὸς
1226 1104 1528 1170 ἀναίτιον
1574 1104 1979 1188 αἰτιάασθαι,
2193 1122 2308 1173 ’175

294 1212 526 1277 ἄλλοτε
573 1212 655 1295 δή
702 1233 859 1276 ποτε
904 1215 1156 1295 μᾶλλον
1203 1211 1489 1296 ἐρωῆσαι
1532 1209 1845 1295 πολέμοιο

291 1316 527 1402 μέλλω,
575 1314 713 1381 ἐπεὶ
752 1314 896 1383 οὐδ’
936 1311 1045 1397 ἐμὲ
1082 1316 1358 1399 πάμπαν
1402 1316 1720 1383 ἀνάλκιδα
1755 1321 2020 1400 γείνατο
2056 1318 2310 1405 μήτηρ·

293 1423 359 1502 ἐξ
407 1418 487 1489 οὗ
532 1424 658 1508 γὰρ
702 1424 879 1510 παρὰ
920 1419 1121 1505 νηυσὶ
1166 1422 1383 1507 μάχην
1425 1425 1694 1507 ἤγειρας
1738 1422 2035 1507 ἑταίρων,

293 1530 367 1596 ἐκ
409 1537 531 1594 τοῦ
577 1527 639 1593 δ’
692 1524 925 1593 ἐνθάδ’
979 1529 1198 1604 ἐόντες
1244 1527 1594 1613 ὁμιλέομεν
1639 1535 2013 1595 Δαναοῖσιν

292 1633 662 1719 νωλεμέως·
707 1634 930 1720 ἕταροι
958 1631 1032 1699 δὲ
1059 1634 1483 1717 κατέκταθεν,
1529 1635 1647 1712 οὓς
1689 1640 1775 1702 σὺ
1811 1641 2154 1723 μεταλλᾷς·
2191 1655 2310 1704 780

290 1747 414 1807 οἴω
459 1742 810 1824 Δηίφοβός
852 1762 922 1804 τε
968 1743 1079 1822 βίη
1124 1734 1197 1804 θ’
1237 1735 1535 1807 Ἑλένοιο
1583 1743 1862 1819 ἄνακτος

290 1853 631 1932 οἴχεσθον,
677 1855 962 1931 μακρῇσι
1005 1845 1382 1931 τετυμμένω
1430 1848 1759 1934 ἐγχείῃσιν

290 1952 640 2040 ἀμφοτέρω
686 1954 849 2017 κατὰ
892 1963 1097 2039 χεῖρα,
1144 1956 1364 2038 φόνον
1409 1951 1471 2018 δ’
1521 1956 1734 2038 ἤμυνε
1775 1958 2107 2038 Κρονίων.

293 2071 422 2127 νῦν
469 2058 529 2126 δ’
582 2054 755 2146 ἄρχ’,
803 2060 978 2145 ὅππῃ
1025 2076 1100 2125 σε
1143 2061 1383 2143 κραδίη
1430 2063 1649 2144 θυμός
1691 2084 1761 2125 τε
1804 2046 2082 2126 κελεύει·

290 2168 474 2252 ἡμεῖς
520 2164 579 2230 δ’
633 2166 1042 2250 ἐμμεμαῶτες
1085 2161 1195 2248 ἅμ’
1250 2162 1553 2250 ἑψόμεθ’,
1602 2165 1766 2230 οὐδέ
1804 2170 1875 2230 τί
1911 2189 2082 2250 φημι
2190 2182 2303 2233 '185

288 2273 491 2356 ἀλκῆς
537 2272 959 2354 δευήσεσθαι,
1007 2271 1128 2354 ὅση
1177 2271 1459 2355 δύναμίς
1501 2295 1575 2355 γε
1619 2271 1961 2357 πάρεστιν·

288 2380 424 2464 πὰρ
470 2378 757 2460 δύναμιν
804 2375 866 2441 δ’
921 2377 1042 2442 οὐκ
1087 2379 1224 2455 ἔστι
1269 2376 1379 2443 καὶ
1425 2377 1791 2462 ἐσσύμενον
1833 2379 2273 2462 πολεμίζειν.“

382 2479 470 2560 ὧς
514 2484 717 2548 εἰπὼν
759 2482 1151 2567 παρέπεισεν
1196 2483 1553 2567 ἀδελφειοῦ
1598 2483 1849 2569 φρένας
1890 2484 2082 2569 ἥρως.

293 2592 423 2675 βὰν
469 2585 530 2653 δ’
584 2593 751 2673 ἴμεν,
800 2591 968 2652 ἔνθα
1015 2590 1293 2673 μάλιστα
1339 2589 1508 2674 μάχη
1555 2588 1665 2656 καὶ
1710 2591 1996 2675 φύλοπις
2039 2585 2204 2674 ἦεν,

300 2697 476 2781 ἀμφί
513 2718 584 2759 τε
627 2696 1008 2779 Κεβριόνην
1053 2692 1163 2759 καὶ
1209 2695 1515 2780 ἀμύμονα
1563 2696 2120 2780 Πουλυδάμαντα,
2187 2713 2295 2763 790

294 2802 566 2884 Φάλκην
603 2798 914 2884 Ὀρθαῖόν
957 2822 1027 2865 τε
1071 2798 1181 2865 καὶ
1225 2801 1539 2868 ἀντίθεον
1585 2804 1996 2887 Πολυφήτην

293 2909 579 2992 Πάλμυν
624 2903 680 2972 τ’
727 2903 1074 2971 Ἀσκάνιόν
1117 2929 1188 2971 τε
1232 2909 1479 2993 Μόρυν
1522 2904 1595 2972 θ’
1646 2900 1740 2972 υἷ’
1783 2905 2229 2990 Ἱπποτίωνος,

293 3015 364 3079 οἵ
403 3010 464 3099 ῤ’
517 3012 583 3091 ἐξ
622 3009 965 3095 Ἀσκανίης
1011 3012 1408 3096 ἐριβώλακος
1451 3009 1668 3097 ἦλθον
1713 3013 1978 3098 ἀμοιβοὶ

291 3120 406 3203 ἠοῖ
443 3128 523 3205 τῇ
568 3117 879 3203 προτέρῃ·
925 3121 1071 3184 τότε
1117 3115 1192 3184 δὲ
1237 3122 1406 3196 Ζεὺς
1453 3115 1623 3203 ὦρσε
1669 3121 2012 3205 μάχεσθαι.

295 3227 365 3292 οἰ
406 3221 467 3290 δ’
521 3232 673 3291 ἴσαν
720 3224 1063 3311 ἀργαλέων
1108 3225 1373 3309 ἀνέμων
1418 3225 1769 3292 ἀτάλαντοι
1815 3226 2033 3313 ἀέλλῃ,
2190 3240 2293 3292 795

290 3333 333 3417 ἤ
380 3332 464 3417 ῥά
507 3329 579 3397 θ’
630 3331 760 3397 ὑπὸ
808 3335 1091 3416 βροντῆς
1133 3333 1379 3416 πατρὸς
1421 3333 1589 3408 Διὸς
1635 3327 1763 3399 εἶσι
1805 3333 2109 3414 πέδονδε,

293 3441 628 3527 θεσπεσίῳ
677 3433 739 3504 δ’
791 3438 1017 3525 ὁμάδῳ
1065 3434 1172 3501 ἁλὶ
1216 3440 1538 3521 μίσγεται,
1585 3437 1659 3503 έν
1705 3437 1785 3502 δέ
1822 3460 1892 3502 τε
1927 3438 2138 3502 πολλὰ

293 3545 548 3630 κύματα
591 3544 1017 3628 παφλάζοντα
1061 3546 1588 3635 πολυφλοίσβοιο
1632 3544 1997 3625 θαλάσσης,
