2525 3884
257 178 394 242 210
1069 179 1375 230 ῙΑΙΑΔΟΣ
1410 178 1486 230 Ψ.

255 323 700 407 Μυρμιδόνας
746 317 807 386 δ’
861 320 982 386 οὑκ
1028 326 1130 386 εἴα
1175 320 1709 387 ἀποσκίδνασθαι
1750 316 2106 407 Ἀχιλλεύς,

259 424 404 495 ἀλλ’
458 429 494 495 ὅ
540 451 615 512 γε
661 419 761 505 οἷς
806 426 1094 513 ἑτάροισι
1140 426 1683 512 φιλοπτολέμοισι
1728 430 2042 512 μετηύδα·
2257 447 2294 495 5

258 535 738 621 ,,Μυρμιδόνες
782 534 1187 618 ταχύπωλοι,
1236 530 1382 619 ἐμοὶ
1428 532 1685 620 ἐρίηρες
1729 532 2003 620 ἑταῖροι,

258 641 346 725 μὴ
395 642 479 724 δή
523 663 625 706 πω
673 634 784 706 ὑπ’
838 641 1073 725 ὄχεσφι
1119 640 1435 725 λυώμεθα
1480 641 1789 724 μώνυχας
1832 641 2098 723 ἵππους,

259 741 403 812 ἀλλ’
457 746 681 824 αὐτοῖς
727 746 983 812 ἵπποισι
1026 743 1136 811 καὶ
1180 747 1469 831 ἅρμασιν
1513 740 1722 812 ἆσσον
1771 748 1980 824 ἰόντες

260 852 656 939 Πάτροκλον
699 855 1056 937 κλαίωμεν·
1104 851 1140 917 ὃ
1186 854 1314 938 γὰρ
1358 851 1556 938 γέρας
1601 850 1739 918 ἐστὶ
1781 855 2152 918 θανόντων.

261 960 469 1044 αὐτὰρ
517 958 661 1024 ἐπεί
699 953 760 1022 κ’
812 958 1035 1023 ὀλοοῖο
1079 959 1596 1044 τεταρπώμεσθα
1639 962 1860 1042 γόοιο,
2218 975 2289 1025 10

259 1066 499 1141 ἵππους
543 1063 903 1149 λυσάμενοι
951 1065 1369 1148 δορπήσομεν
1416 1064 1660 1130 ἐνθάδε
1704 1065 2006 1142 πάντες.“

348 1166 436 1248 ὧς
472 1164 702 1255 ἔφαθ’,
750 1170 821 1236 οί
852 1166 919 1234 δ’
962 1168 1240 1259 ᾤμωξαν
1293 1169 1586 1253 ἀολλέες,
1630 1166 1788 1256 ἦρχε
1835 1166 1897 1235 δ’
1934 1167 2287 1256 Ἀχιλλεύς.

259 1277 331 1342 ol
373 1273 447 1342 δὲ
491 1274 632 1363 τρὶς
678 1275 826 1363 περὶ
871 1278 1111 1363 νεκρὸν
1158 1276 1458 1361 ἐύτριχας
1500 1277 1755 1358 ἤλασαν
1802 1278 2043 1353 ἵππους

258 1385 649 1470 μυρόμενοι·
697 1384 858 1468 μετὰ
907 1383 986 1448 δέ
1026 1398 1148 1467 σφι
1194 1381 1383 1459 Θέτις
1426 1384 1592 1465 γόου
1638 1383 1868 1469 ἵμερον
1915 1378 2146 1469 ὦρσεν.

260 1490 539 1556 δεύοντο
584 1489 910 1574 ψάμαθοι,
960 1488 1235 1554 δεύοντο
1284 1485 1358 1554 δὲ
1403 1489 1634 1573 τεύχεα
1680 1499 1922 1573 φωτῶν
2214 1505 2285 1555 15

262 1596 573 1681 δάκρυσι·
619 1606 806 1661 τοῖον
850 1595 977 1679 γὰρ
1023 1597 1277 1660 πόθεον
1323 1596 1632 1681 μήστωρα
1679 1597 1957 1692 φόβοιοῖ

257 1711 433 1766 τοῖσι
480 1697 554 1766 δὲ
601 1702 935 1784 Πηλεΐδης
980 1700 1219 1766 ἁδινοῦ
1265 1699 1491 1785 ἐξῆρχε
1533 1703 1752 1784 γόοιο,

258 1818 480 1892 χεῖρας
536 1801 636 1871 ἐπ’
671 1805 1139 1892 ἀνδροφόνους
1182 1803 1468 1892 θέμενος
1513 1809 1873 1891 στήθεσσιν
1919 1805 2208 1893 ἑταίρου·

258 1911 495 1999 ,,χαῖρέ
536 1936 670 1998 μοι,
718 1907 772 1978 ὦ
819 1912 1181 1999 Πάτροκλε,
1229 1910 1339 1978 καὶ
1385 1914 1484 1979 εἰν
1524 1907 1745 1979 Ἀίδαο
1796 1914 2128 1998 δόμοισιν·

259 2020 471 2085 πάντα
515 2020 641 2106 γὰρ
685 2020 814 2103 ἤδη
860 2042 965 2084 τοι
1007 2017 1238 2102 τελέω,
1285 2020 1365 2084 τὰ
1411 2019 1738 2105 πάροιθεν
1783 2019 2101 2102 ὑπέστην,
2212 2035 2286 2086 20

250 2122 530 2213 Ἕκτορα
578 2120 760 2212 δεῦρ’
813 2125 1055 2212 ἐρύσας
1100 2125 1343 2191 δώσειν
1387 2122 1582 2190 κυσὶν
1630 2125 1773 2211 ὠμὰ
1819 2125 2180 2208 δάσασθαι,

264 2233 523 2298 δώδεκα
571 2227 645 2298 δὲ
690 2233 1105 2318 προπάροιθε
1149 2239 1363 2318 πυρῆς
1407 2231 2033 2318 ἀποδειροτομήσειν

269 2339 517 2424 Τρώων
564 2337 776 2420 ἀγλαὰ
817 2336 1036 2421 τέκνα,
1085 2337 1287 2404 σέθεν
1332 2335 1681 2422 κταμένοιο
1727 2338 2110 2423 χολωθείς.“

349 2440 390 2527 ἦ
438 2442 522 2528 ῥα
565 2441 676 2508 καὶ
705 2441 989 2530 ’Έκτορα
1035 2446 1186 2510 δῖον
1231 2443 1451 2509 ἀεικέα
1496 2445 1735 2529 μήδετο
1782 2447 1969 2530 ἔργα,

259 2547 514 2636 πρηνέα
559 2549 690 2634 πὰρ
735 2548 1026 2634 λεχέεσσι
1070 2550 1525 2615 Μενοιτιάδαο
1571 2550 1901 2628 τανύσσας
2212 2567 2285 2619 25

263 2655 338 2722 ἐν
380 2658 626 2741 κονίῃς.
675 2654 745 2719 οἱ
785 2650 850 2718 δ’
901 2649 1066 2721 ἔντε’
1117 2655 1576 2740 ἀφωπλίζοντο
1615 2656 1884 2734 ἕκαστος

261 2762 507 2847 χάλκεα
554 2762 1033 2846 μαρμαίροντα,
1078 2762 1246 2827 λύον
1292 2758 1359 2827 δ’
1410 2762 1701 2847 ὑψηχέας
1744 2764 2012 2847 ἵππους,

261 2869 388 2933 κὰδ
435 2863 499 2933 δ’
551 2859 690 2946 ἷζον
735 2867 913 2953 παρὰ
957 2864 1072 2950 νηὶ
1115 2867 1451 2945 ποδώκεος
1494 2871 1821 2935 Αἰακίδαο

262 2976 520 3060 μυρίοι·
565 2973 771 3058 αὐτὰρ
817 2972 854 3039 ὁ
899 2983 1072 3039 τοῖσι
1117 2973 1333 3058 τάφον
1380 2973 1721 3059 μενοεικέα
1767 2976 1981 3041 δαίνυ.

261 3077 498 3146 πολλοὶ
543 3077 664 3165 μὲν
710 3081 861 3163 βόες
905 3077 1099 3167 ἀργοὶ
1145 3079 1466 3167 ὀρέχθεον
1511 3078 1683 3166 ἀμφὶ
1728 3083 1977 3168 σιδήρῳ
2211 3096 2285 3146 80

263 3189 686 3272 σφαζόμενοι,
731 3185 965 3252 πολλοὶ
1012 3182 1074 3251 δ’
1128 3187 1262 3265 ὄιες
1305 3185 1416 3253 καὶ
1460 3188 1745 3273 μηκάδες
1790 3182 1997 3270 αἶγες·

261 3292 498 3359 πολλοὶ
544 3285 607 3358 δ’
658 3290 1084 3377 ἀργιόδοντες
1126 3292 1269 3375 ὕες,
1314 3291 1723 3370 θαλέθοντες
1768 3292 2042 3377 ἀλοιφῇ,

264 3398 570 3483 εὑόμενοι
615 3396 943 3462 τανύοντο
992 3397 1103 3462 διὰ
1145 3400 1398 3483 φλογὸς
1434 3393 1854 3483 Ἡφαίστοιο·

261 3504 476 3590 πάντῃ
524 3505 566 3569 δ
580 3498 596 3525 ’
649 3499 818 3587 ἀμφὶ
862 3500 1067 3568 νέκυν
1111 3506 1562 3591 κοτυλήρυτον
1609 3506 1832 3591 ἔρρεεν
1878 3498 2052 3590 αἷμα.
