2525 3884
967 141 1294 226 ’ῙΛῙΑΔΟΣ
1328 175 1448 229 xx
1899 103 1913 122 ⁸
2104 171 2229 237 157

222 311 529 391 ἐλθόντες
574 312 637 379 δ’
678 314 748 392 ές
794 315 978 399 δῶμα
1021 318 1190 393 Διὸς
1232 314 1754 402 νεφεληγερέταο
2164 333 2230 381 10

222 418 444 506 ξεστῇς
487 420 896 506 αἰθούσῃσιν
940 422 1275 505 ἐνίζανον,
1321 420 1399 498 ἃς
1447 420 1567 487 Διὶ
1610 419 1809 507 πατρὶ

207 521 574 610 ’Ἡφαιστος
614 529 894 610 ποίησεν
940 528 1198 614 ἰδυίῃσι
1241 529 1702 614 πραπίδεσσιν.

183 671 193 695 .
302 625 395 709 ὧς
439 633 511 698 οἱ
548 628 672 717 μὲν
717 632 887 709 Διὸς
929 634 1130 698 ἔνδον
1174 629 1522 720 ἀγηγέρατ’
1542 652 1557 668 ·
1604 629 1749 698 οὐδ’
1792 631 2165 717 ἐνοσίχθων

217 738 628 821 νηκούστησε
671 743 865 821 θεᾶς,
912 735 1054 803 ἀλλ’
1099 738 1167 818 ἐξ
1212 738 1370 816 ἁλὸς
1414 734 1584 821 ἦλθε
1628 734 1766 823 μετ’
1809 738 2081 820 αὐτούς,

217 833 304 920 ἷζε
352 840 417 909 δ’
459 840 565 930 ἄρ’
610 844 684 909 έν
731 842 1063 928 μέσσοισι,
1106 845 1276 923 Διὸς
1322 841 1384 909 δ’
1429 843 1709 931 ἐξείρετο
1755 844 2037 928 βουλήν·
2165 860 2230 909 15

214 943 432 1030 ,,τίπτ’
474 944 647 1031 αὖτ’,
692 948 1156 1034 ἀργικέραυνε,
1200 951 1409 1026 θεοὺς
1454 948 1786 1034 ἀγορήνδε
1828 949 2175 1021 κάλεσσαςε

212 1049 254 1136 ἦ
300 1078 366 1119 τι
410 1053 564 1140 περὶ
616 1055 865 1140 Τρώων
906 1053 1020 1120 καὶ
1056 1049 1335 1140 Ἀχαιῶν
1379 1059 1818 1142 μερμηρίζεις;

214 1171 348 1225 τῶν
392 1163 522 1246 γὰρ
567 1169 698 1226 νῦν
742 1161 1015 1246 ἄγχιστα
1058 1163 1229 1247 μάχη
1275 1162 1561 1245 πόλεμός
1602 1184 1672 1227 τε
1718 1160 2019 1246 δέδηεν.“

298 1267 425 1333 τὸν
470 1261 532 1332 δ’
575 1266 1098 1353 ἀπαμειβόμενος
1147 1266 1452 1353 προσέφη
1508 1267 1987 1353 νεφεληγερέτα
2036 1269 2230 1346 Ζεύς·

213 1374 505 1456 ,,ἔγνως,
551 1371 954 1457 ἐννοσίγαιε,
1000 1373 1164 1458 έμὴν
1210 1374 1285 1439 έν
1332 1375 1609 1457 στήθεσι
1653 1375 1937 1457 βουλήν,
2162 1391 2230 1439 20

214 1471 310 1542 ὧν
356 1477 553 1544 ἕνεκα
598 1477 977 1564 ξυνάγειρα·
1023 1478 1304 1562 μέλουσί
1343 1502 1457 1564 μοι
1500 1478 1860 1564 ὀλλύμενοί
1896 1501 2037 1565 περ.

216 1581 360 1649 ἀλλ’
404 1579 448 1667 ἦ
491 1606 598 1650 τοι
641 1581 765 1668 μὲν
807 1584 936 1668 ἐγὼ
972 1583 1182 1669 μενέω
1226 1582 1423 1669 πτυχὶ
1472 1585 1858 1670 Οὐλύμποιο

58 1680 63 1817 ,ἶ
214 1689 490 1774 ἥμενος,
536 1687 684 1755 ἔνθ’
728 1690 945 1776 ὁρόων
989 1690 1206 1776 φρένα
1259 1689 1612 1776 τέρψομαι·
1668 1692 1739 1757 os
1791 1688 1865 1758 δὲ
1911 1694 1994 1776 δὴ
2041 1693 2232 1758 ἄλλοι

58 1866 59 1875 ¹
215 1794 512 1882 ἔρχεσθ’,
559 1792 714 1883 ὄφρ’
758 1795 843 1861 ἂν
887 1797 1124 1880 ἵκησθε
1167 1799 1330 1881 μετὰ
1382 1803 1611 1884 Τρῶας
1655 1796 1764 1863 καὶ
1803 1794 2133 1884 Ἀχαιούς,

56 1896 59 1983 ᾗ
217 1901 655 1988 ἀμφοτέροισι
699 1897 762 1968 δ’
806 1897 1109 1990 ἀρήγεθ’,
1156 1904 1285 1990 ὅπῃ
1330 1907 1488 1981 νόος
1534 1902 1714 1971 ἐστὶν
1762 1903 2054 1970 ἑκάστου.
2163 1919 2230 1969 25

56 1996 59 2043 }
217 2011 280 2073 εἰ
319 2010 451 2094 γὰρ
491 2003 821 2094 Ἀχιλλεὺς
867 2004 1007 2087 οἷος
1051 2007 1158 2075 ἐπὶ
1210 2012 1508 2097 Τρώεσσι
1551 2020 1880 2094 μαχεῖται,

219 2111 382 2180 οὐδὲ
424 2111 699 2199 μίνυνθ’
743 2114 966 2193 ἕξουσι
1008 2117 1313 2181 ποδώκεα
1360 2119 1729 2198 Πηλεΐωνα.

217 2219 329 2286 καὶ
377 2219 458 2286 δέ
495 2220 571 2286 τέ
609 2244 725 2306 μιν
768 2220 880 2287 καὶ
921 2225 1221 2309 πρόσθεν
1268 2218 1796 2307 ὑποτρομέεσκον
1843 2221 2152 2307 ὁρῶντες·

218 2335 351 2393 νῦν
397 2323 486 2411 δ’,
533 2328 642 2393 ὅτε
686 2329 769 2411 δὴ
813 2325 924 2393 καὶ
965 2330 1193 2412 θυμὸν
1238 2326 1505 2412 ἑταίρου
1548 2328 1785 2413 χώεται
1829 2329 2062 2411 αἰνῶς,

221 2434 453 2517 δείδω,
499 2435 587 2518 μὴ
632 2431 744 2499 καὶ
785 2445 998 2519 τεῖχος
1039 2430 1208 2520 ὑπὲρ
1253 2435 1467 2518 μόρον
1512 2432 1941 2520 έξαλαπάξῃ.“
2164 2451 2254 2501 30.

312 2533 402 2617 ὧς
445 2542 650 2624 ἔφατο
696 2541 1062 2626 Κρονίδης,
1107 2541 1401 2622 πόλεμον
1447 2533 1511 2604 δ’
1552 2539 1868 2606 ἀλίαστον
1913 2543 2183 2625 ἔγειρεν.
2279 2520 2292 2532 ’

221 2647 351 2727 βὰν
398 2644 460 2711 δ’
504 2651 725 2731 ἴμεναι
766 2647 1133 2730 πολεμόνδε
1177 2646 1361 2728 θεοί,
1409 2647 1560 2731 δίχα
1602 2648 1831 2731 θυμὸν
1876 2649 2159 2731 ἔχοντες·

206 2748 380 2836 Ἥρη
425 2748 549 2837 μὲν
594 2750 732 2837 μετ’
773 2752 998 2836 ἀγῶνα
1041 2762 1215 2818 νεῶν
1256 2749 1370 2815 καὶ
1417 2753 1687 2828 Παλλὰς
1727 2748 1973 2836 Ἀθήνη

222 2854 340 2942 ἠδὲ
385 2857 782 2940 Ποσειδάων
824 2860 1136 2943 γαιήοχος
1178 2852 1286 2941 ἠδ’
1328 2856 1637 2942 ἐριούνης

213 2959 542 3049 Ἑρμείας,
587 2963 661 3041 ὃς
704 2961 811 3029 ἐπὶ
856 2961 1054 3050 φρεσὶ
1097 2965 1537 3049 πευκαλίμῃσι
1580 2962 1916 3028 κέκασται·
2165 2980 2233 3028 35

205 3067 573 3156 ’Ἡφαιστος
618 3067 679 3135 δ’
723 3071 857 3155 ἅμα
900 3080 1074 3135 τοῖσι
1118 3071 1218 3134 κίε
1265 3069 1500 3135 σθένει·
1541 3072 1949 3153 βλεμεαίνων

219 3177 561 3262 χωλεύων,
605 3175 735 3242 ὑπὸ
783 3172 858 3241 δὲ
901 3185 1143 3260 κνῆμαι
1186 3173 1443 3259 ῥώοντο
1489 3174 1743 3261 ἆραιαί·

222 3283 287 3358 ἐς
331 3279 408 3349 δὲ
460 3286 689 3368 Τρῶας
712 3280 917 3368 ’Ἀρης
960 3282 1437 3367 κορυθαίολος,
1484 3281 1690 3367 αὐτὰρ
1738 3278 1847 3365 ἅμ’
1893 3281 2069 3368 αὐτῷ

226 3392 472 3473 Φοῖβος
516 3387 956 3472 ἀκερσεκόμης
998 3382 1104 3470 ἠδ’
1138 3385 1445 3473 ’Ἀρτεμις
1491 3386 1785 3472 ἰοχέαιρα

227 3495 417 3578 Λητώ
461 3517 534 3559 τε
578 3493 847 3569 Ξάνθος
889 3516 959 3558 τε
1005 3493 1444 3577 φιλομμειδής
1488 3490 1546 3555 τ’
1591 3489 1967 3573 Ἀφροδίτη.
2164 3502 2231 3549 4ο

56 3828 309 3855 *ῃ-
336 3852 417 3855 --μη
