<?xml version="1.0" encoding="UTF-8"?>
<!DOCTYPE html PUBLIC "-//W3C//DTD XHTML 1.0 Transitional//EN"
    "http://www.w3.org/TR/xhtml1/DTD/xhtml1-transitional.dtd">
<html xmlns="http://www.w3.org/1999/xhtml" xml:lang="en" lang="en">
 <head>
  <title>
</title>
<meta http-equiv="Content-Type" content="text/html;charset=utf-8" />
  <meta name='ocr-system' content='tesseract 3.04.00' />
  <meta name='ocr-capabilities' content='ocr_page ocr_carea ocr_par ocr_line ocrx_word'/>
</head>
<body>
  <div class='ocr_page' id='page_1' title='image "./homeriilias00wolfgoog_0101.png"; bbox 0 0 2525 3884; ppageno 0'>
   <div class='ocr_carea' id='block_1_1' title="bbox 27 5 204 206">
    <p class='ocr_par' dir='ltr' id='par_1_1' title="bbox 27 5 204 244">
     <span class='ocr_line' id='line_1_1' title="bbox 27 5 204 206; baseline 0 -48"><span class='ocrx_word' id='word_1_1' title='bbox 27 5 127 206; x_wconf 70' lang='lat' dir='ltr'><strong>f</strong></span> <span class='ocrx_word' id='word_1_2' title='bbox 198 152 204 158; x_wconf 79' lang='grc'><em>,</em></span> 
     </span>
    </p>
   </div>
   <div class='ocr_carea' id='block_1_2' title="bbox 995 182 2230 287">
    <p class='ocr_par' dir='ltr' id='par_1_2' title="bbox 995 182 2230 287">
     <span class='ocr_line' id='line_1_2' title="bbox 995 182 2230 287; baseline 0 -15"><span class='ocrx_word' id='word_1_3' title='bbox 995 220 1295 272; x_wconf 71' lang='grc' dir='ltr'><strong>ΙΛΙΑΛοΣ</strong></span> <span class='ocrx_word' id='word_1_4' title='bbox 1331 221 1475 273; x_wconf 75' lang='lat' dir='ltr'><strong><em>xw.</em></strong></span> <span class='ocrx_word' id='word_1_5' title='bbox 1653 182 1656 185; x_wconf 29' lang='grc'><em>“</em></span> <span class='ocrx_word' id='word_1_6' title='bbox 2144 221 2230 287; x_wconf 82' lang='lat'><strong><em>89</em></strong></span> 
     </span>
    </p>
   </div>
   <div class='ocr_carea' id='block_1_3' title="bbox 190 350 2233 1929">
    <p class='ocr_par' dir='ltr' id='par_1_3' title="bbox 195 350 1945 449">
     <span class='ocr_line' id='line_1_3' title="bbox 195 350 1945 449; baseline 0.005 -27"><span class='ocrx_word' id='word_1_7' title='bbox 195 358 412 446; x_wconf 72' lang='grc' dir='ltr'><strong><em>ὄλβῳ</em></strong></span> <span class='ocrx_word' id='word_1_8' title='bbox 451 381 520 424; x_wconf 92' lang='grc' dir='ltr'><strong><em>τε</em></strong></span> <span class='ocrx_word' id='word_1_9' title='bbox 557 362 819 447; x_wconf 74' lang='grc' dir='ltr'><strong><em>πλούτῳ</em></strong></span> <span class='ocrx_word' id='word_1_10' title='bbox 865 383 936 427; x_wconf 92' lang='grc' dir='ltr'><strong><em>τε</em></strong></span> <span class='ocrx_word' id='word_1_11' title='bbox 979 361 1333 448; x_wconf 76' lang='grc' dir='ltr'><strong><em>μετέπρεπε</em></strong></span> <span class='ocrx_word' id='word_1_12' title='bbox 1377 350 1945 449; x_wconf 82' lang='grc' dir='ltr'><strong><em>Μυρμιδόνεσσιν.</em></strong></span> 
     </span>
    </p>

    <p class='ocr_par' dir='ltr' id='par_1_4' title="bbox 190 459 2228 1084">
     <span class='ocr_line' id='line_1_4' title="bbox 190 459 2115 555; baseline 0.005 -27"><span class='ocrx_word' id='word_1_13' title='bbox 190 464 338 528; x_wconf 85' lang='grc' dir='ltr'><strong><em>τὸν</em></strong></span> <span class='ocrx_word' id='word_1_14' title='bbox 394 459 511 547; x_wconf 73' lang='grc' dir='ltr'><strong><em>μὲν</em></strong></span> <span class='ocrx_word' id='word_1_15' title='bbox 551 466 678 555; x_wconf 77' lang='grc' dir='ltr'><strong><em>ἄρα</em></strong></span> <span class='ocrx_word' id='word_1_16' title='bbox 724 469 1022 544; x_wconf 81' lang='grc' dir='ltr'><strong><em>Γλαῦκος</em></strong></span> <span class='ocrx_word' id='word_1_17' title='bbox 1066 473 1315 553; x_wconf 81' lang='grc' dir='ltr'><strong><em>στῆθος</em></strong></span> <span class='ocrx_word' id='word_1_18' title='bbox 1358 467 1564 554; x_wconf 84' lang='grc' dir='ltr'><strong><em>μέσον</em></strong></span> <span class='ocrx_word' id='word_1_19' title='bbox 1608 469 1845 535; x_wconf 80' lang='grc' dir='ltr'><strong><em>οὔτασε</em></strong></span> <span class='ocrx_word' id='word_1_20' title='bbox 1891 472 2115 555; x_wconf 91' lang='grc' dir='ltr'><strong><em>δουρί,</em></strong></span> 
     </span>
     <span class='ocr_line' id='line_1_5' title="bbox 191 569 2058 661; baseline 0.003 -26"><span class='ocrx_word' id='word_1_21' title='bbox 191 569 580 655; x_wconf 81' lang='grc' dir='ltr'><strong><em>στρεφθεὶς</em></strong></span> <span class='ocrx_word' id='word_1_22' title='bbox 622 571 958 656; x_wconf 76' lang='grc' dir='ltr'><strong><em>ἐξαπίνης,</em></strong></span> <span class='ocrx_word' id='word_1_23' title='bbox 1006 573 1113 639; x_wconf 81' lang='grc' dir='ltr'><strong><em>ὅτε</em></strong></span> <span class='ocrx_word' id='word_1_24' title='bbox 1158 598 1276 658; x_wconf 93' lang='grc' dir='ltr'><strong><em>μιν</em></strong></span> <span class='ocrx_word' id='word_1_25' title='bbox 1319 574 1723 661; x_wconf 75' lang='grc' dir='ltr'><strong><em>κατέμαρπτε</em></strong></span> <span class='ocrx_word' id='word_1_26' title='bbox 1768 577 2058 642; x_wconf 79' lang='grc' dir='ltr'><strong><em>διώκων·</em></strong></span> 
     </span>
     <span class='ocr_line' id='line_1_6' title="bbox 192 674 2228 767; baseline 0.003 -26"><span class='ocrx_word' id='word_1_27' title='bbox 192 677 557 761; x_wconf 80' lang='grc' dir='ltr'><strong><em>δούπησεν</em></strong></span> <span class='ocrx_word' id='word_1_28' title='bbox 602 674 677 742; x_wconf 71' lang='grc' dir='ltr'><strong><em>δὲ</em></strong></span> <span class='ocrx_word' id='word_1_29' title='bbox 720 678 966 744; x_wconf 90' lang='grc' dir='ltr'><strong><em>πεσών·</em></strong></span> <span class='ocrx_word' id='word_1_30' title='bbox 1011 682 1296 745; x_wconf 88' lang='grc' dir='ltr'><strong><em>πυκινὸν</em></strong></span> <span class='ocrx_word' id='word_1_31' title='bbox 1341 675 1405 746; x_wconf 85' lang='grc' dir='ltr'><strong><em>δ’</em></strong></span> <span class='ocrx_word' id='word_1_32' title='bbox 1445 680 1604 765; x_wconf 78' lang='grc' dir='ltr'><strong><em>ἄχος</em></strong></span> <span class='ocrx_word' id='word_1_33' title='bbox 1639 677 1857 765; x_wconf 78' lang='grc' dir='ltr'><strong><em>ἔλλαβ’</em></strong></span> <span class='ocrx_word' id='word_1_34' title='bbox 1896 677 2228 767; x_wconf 81' lang='grc' dir='ltr'><strong><em>Ἀχαιούς,</em></strong></span> 
     </span>
     <span class='ocr_line' id='line_1_7' title="bbox 192 779 2226 872; baseline 0.002 -25"><span class='ocrx_word' id='word_1_35' title='bbox 192 783 325 867; x_wconf 32' lang='grc' dir='ltr'><strong><em>ὡς,</em></strong></span> <span class='ocrx_word' id='word_1_36' title='bbox 360 779 530 849; x_wconf 59' lang='lat' dir='ltr'><strong><em>§aad</em></strong></span> <span class='ocrx_word' id='word_1_37' title='bbox 574 783 817 861; x_wconf 79' lang='grc' dir='ltr'><strong><em>ἐσθλὸς</em></strong></span> <span class='ocrx_word' id='word_1_38' title='bbox 859 782 1056 870; x_wconf 84' lang='grc' dir='ltr'><strong><em>ἀνήρ·</em></strong></span> <span class='ocrx_word' id='word_1_39' title='bbox 1101 783 1268 869; x_wconf 89' lang='grc' dir='ltr'><strong><em>μέγα</em></strong></span> <span class='ocrx_word' id='word_1_40' title='bbox 1313 783 1387 853; x_wconf 73' lang='grc' dir='ltr'><strong><em>δὲ</em></strong></span> <span class='ocrx_word' id='word_1_41' title='bbox 1439 790 1659 871; x_wconf 83' lang='grc' dir='ltr'><strong><em>Τρῶες</em></strong></span> <span class='ocrx_word' id='word_1_42' title='bbox 1700 787 2090 872; x_wconf 77' lang='grc' dir='ltr'><strong><em>κεχάροντο,</em></strong></span> <span class='ocrx_word' id='word_1_43' title='bbox 2119 803 2226 853; x_wconf 94' lang='grc'><strong><em>600</em></strong></span> 
     </span>
     <span class='ocr_line' id='line_1_8' title="bbox 194 885 2224 978; baseline 0.002 -24"><span class='ocrx_word' id='word_1_44' title='bbox 194 890 390 954; x_wconf 77' lang='grc' dir='ltr'><strong><em>στὰν</em></strong></span> <span class='ocrx_word' id='word_1_45' title='bbox 431 886 493 954; x_wconf 81' lang='grc' dir='ltr'><strong><em>δ’</em></strong></span> <span class='ocrx_word' id='word_1_46' title='bbox 534 887 698 975; x_wconf 85' lang='grc' dir='ltr'><strong><em>ἀμφ’</em></strong></span> <span class='ocrx_word' id='word_1_47' title='bbox 750 890 955 956; x_wconf 84' lang='grc' dir='ltr'><strong><em>αὐτὸν</em></strong></span> <span class='ocrx_word' id='word_1_48' title='bbox 1011 892 1222 969; x_wconf 80' lang='grc' dir='ltr'><strong><em>ἰόντες</em></strong></span> <span class='ocrx_word' id='word_1_49' title='bbox 1274 892 1562 970; x_wconf 79' lang='grc' dir='ltr'><strong><em>ἀολλέες·</em></strong></span> <span class='ocrx_word' id='word_1_50' title='bbox 1627 885 1774 958; x_wconf 82' lang='grc' dir='ltr'><strong><em>οὐδ’</em></strong></span> <span class='ocrx_word' id='word_1_51' title='bbox 1823 885 1931 978; x_wconf 78' lang='grc' dir='ltr'><strong><em>ἄρ’</em></strong></span> <span class='ocrx_word' id='word_1_52' title='bbox 1979 885 2224 978; x_wconf 73' lang='grc' dir='ltr'><strong><em>Ἀχαιοὶ</em></strong></span> 
     </span>
     <span class='ocr_line' id='line_1_9' title="bbox 194 994 1980 1084; baseline 0.002 -24"><span class='ocrx_word' id='word_1_53' title='bbox 194 995 422 1080; x_wconf 81' lang='grc' dir='ltr'><strong><em>ἀλκῆς</em></strong></span> <span class='ocrx_word' id='word_1_54' title='bbox 464 995 889 1078; x_wconf 77' lang='grc' dir='ltr'><strong><em>ἐξελάθοντο,</em></strong></span> <span class='ocrx_word' id='word_1_55' title='bbox 936 994 1133 1081; x_wconf 85' lang='grc' dir='ltr'><strong><em>μένος</em></strong></span> <span class='ocrx_word' id='word_1_56' title='bbox 1178 994 1240 1063; x_wconf 86' lang='grc' dir='ltr'><strong><em>δ’</em></strong></span> <span class='ocrx_word' id='word_1_57' title='bbox 1285 1000 1440 1076; x_wconf 81' lang='grc' dir='ltr'><strong><em>ἰθὺς</em></strong></span> <span class='ocrx_word' id='word_1_58' title='bbox 1484 998 1696 1084; x_wconf 83' lang='grc' dir='ltr'><strong><em>φέρον</em></strong></span> <span class='ocrx_word' id='word_1_59' title='bbox 1741 999 1980 1065; x_wconf 76' lang='grc' dir='ltr'><strong><em>αὐτῶν.</em></strong></span> 
     </span>
    </p>

    <p class='ocr_par' dir='ltr' id='par_1_5' title="bbox 192 1096 2231 1718">
     <span class='ocr_line' id='line_1_10' title="bbox 197 1096 2051 1191; baseline 0.002 -24"><span class='ocrx_word' id='word_1_60' title='bbox 197 1096 372 1167; x_wconf 74' lang='grc' dir='ltr'><strong><em>ἔνθ’</em></strong></span> <span class='ocrx_word' id='word_1_61' title='bbox 412 1096 500 1167; x_wconf 84' lang='grc' dir='ltr'><strong><em>αὖ</em></strong></span> <span class='ocrx_word' id='word_1_62' title='bbox 543 1104 894 1187; x_wconf 80' lang='grc' dir='ltr'><strong><em>Μηριόνης</em></strong></span> <span class='ocrx_word' id='word_1_63' title='bbox 944 1104 1195 1188; x_wconf 82' lang='grc' dir='ltr'><strong><em>Τρώων</em></strong></span> <span class='ocrx_word' id='word_1_64' title='bbox 1239 1103 1387 1171; x_wconf 78' lang='grc' dir='ltr'><strong><em>ἕλεν</em></strong></span> <span class='ocrx_word' id='word_1_65' title='bbox 1432 1106 1647 1190; x_wconf 79' lang='grc' dir='ltr'><strong><em>ἄνδρα</em></strong></span> <span class='ocrx_word' id='word_1_66' title='bbox 1689 1107 2051 1191; x_wconf 81' lang='grc' dir='ltr'><strong><em>κορυστήν,</em></strong></span> 
     </span>
     <span class='ocr_line' id='line_1_11' title="bbox 196 1206 2053 1295; baseline 0.002 -22"><span class='ocrx_word' id='word_1_67' title='bbox 196 1209 575 1292; x_wconf 82' lang='grc' dir='ltr'><strong><em>Λαόγονον</em></strong></span> <span class='ocrx_word' id='word_1_68' title='bbox 616 1210 883 1293; x_wconf 88' lang='grc' dir='ltr'><strong><em>θρασὺν</em></strong></span> <span class='ocrx_word' id='word_1_69' title='bbox 925 1208 1080 1274; x_wconf 86' lang='grc' dir='ltr'><strong><em>υἰὸν</em></strong></span> <span class='ocrx_word' id='word_1_70' title='bbox 1117 1206 1495 1295; x_wconf 82' lang='grc' dir='ltr'><strong><em>Ὀνήτορος,</em></strong></span> <span class='ocrx_word' id='word_1_71' title='bbox 1542 1209 1615 1288; x_wconf 87' lang='grc' dir='ltr'><strong><em>ὃς</em></strong></span> <span class='ocrx_word' id='word_1_72' title='bbox 1658 1211 1828 1287; x_wconf 89' lang='grc' dir='ltr'><strong><em>Διὸς</em></strong></span> <span class='ocrx_word' id='word_1_73' title='bbox 1873 1210 2053 1295; x_wconf 73' lang='grc' dir='ltr'><strong><em>ἱρεὺς</em></strong></span> 
     </span>
     <span class='ocr_line' id='line_1_12' title="bbox 192 1310 2230 1404; baseline 0.001 -25"><span class='ocrx_word' id='word_1_74' title='bbox 192 1310 463 1380; x_wconf 79' lang='grc' dir='ltr'><strong><em>Ἰδαίου</em></strong></span> <span class='ocrx_word' id='word_1_75' title='bbox 506 1312 836 1396; x_wconf 86' lang='grc' dir='ltr'><strong><em>ἐτέτυκτο,</em></strong></span> <span class='ocrx_word' id='word_1_76' title='bbox 880 1315 1042 1391; x_wconf 89' lang='grc' dir='ltr'><strong><em>θεὸς</em></strong></span> <span class='ocrx_word' id='word_1_77' title='bbox 1087 1311 1148 1381; x_wconf 85' lang='grc' dir='ltr'><strong><em>δ’</em></strong></span> <span class='ocrx_word' id='word_1_78' title='bbox 1193 1314 1284 1392; x_wconf 78' lang='grc' dir='ltr'><strong><em>ὣς</em></strong></span> <span class='ocrx_word' id='word_1_79' title='bbox 1325 1318 1499 1381; x_wconf 83' lang='grc' dir='ltr'><strong><em>τίετο</em></strong></span> <span class='ocrx_word' id='word_1_80' title='bbox 1548 1316 1760 1404; x_wconf 76' lang='grc' dir='ltr'><strong><em>δήμῳ·</em></strong></span> <span class='ocrx_word' id='word_1_81' title='bbox 2121 1332 2230 1383; x_wconf 70' lang='grc'><strong><em>606</em></strong></span> 
     </span>
     <span class='ocr_line' id='line_1_13' title="bbox 204 1414 2115 1506; baseline 0.001 -21"><span class='ocrx_word' id='word_1_82' title='bbox 204 1421 341 1486; x_wconf 87' lang='grc' dir='ltr'><strong><em>τὸν</em></strong></span> <span class='ocrx_word' id='word_1_83' title='bbox 386 1414 534 1504; x_wconf 88' lang='grc' dir='ltr'><strong><em>βάλ’</em></strong></span> <span class='ocrx_word' id='word_1_84' title='bbox 574 1420 704 1486; x_wconf 83' lang='grc' dir='ltr'><strong><em>ὑπὸ</em></strong></span> <span class='ocrx_word' id='word_1_85' title='bbox 749 1416 1081 1505; x_wconf 74' lang='grc' dir='ltr'><strong><em>γναθμοῖο</em></strong></span> <span class='ocrx_word' id='word_1_86' title='bbox 1127 1417 1240 1486; x_wconf 87' lang='grc' dir='ltr'><strong><em>καὶ</em></strong></span> <span class='ocrx_word' id='word_1_87' title='bbox 1284 1420 1549 1498; x_wconf 76' lang='grc' dir='ltr'><strong><em>οὔατος·</em></strong></span> <span class='ocrx_word' id='word_1_88' title='bbox 1596 1415 1732 1486; x_wconf 81' lang='grc' dir='ltr'><strong><em>ὦκα</em></strong></span> <span class='ocrx_word' id='word_1_89' title='bbox 1779 1416 1853 1486; x_wconf 71' lang='grc' dir='ltr'><strong><em>δὲ</em></strong></span> <span class='ocrx_word' id='word_1_90' title='bbox 1895 1420 2115 1506; x_wconf 84' lang='grc' dir='ltr'><strong><em>θυμὸς</em></strong></span> 
     </span>
     <span class='ocr_line' id='line_1_14' title="bbox 206 1518 2231 1616; baseline -0 -24"><span class='ocrx_word' id='word_1_91' title='bbox 206 1521 410 1616; x_wconf 73' lang='grc' dir='ltr'><strong><em>ᾤχετ’</em></strong></span> <span class='ocrx_word' id='word_1_92' title='bbox 450 1525 577 1592; x_wconf 83' lang='grc' dir='ltr'><strong><em>ἀπὸ</em></strong></span> <span class='ocrx_word' id='word_1_93' title='bbox 624 1524 905 1611; x_wconf 84' lang='grc' dir='ltr'><strong><em>μελέων,</em></strong></span> <span class='ocrx_word' id='word_1_94' title='bbox 958 1527 1275 1613; x_wconf 80' lang='grc' dir='ltr'><strong><em>στυγερὸς</em></strong></span> <span class='ocrx_word' id='word_1_95' title='bbox 1318 1523 1382 1592; x_wconf 87' lang='grc' dir='ltr'><strong><em>δ’</em></strong></span> <span class='ocrx_word' id='word_1_96' title='bbox 1424 1526 1553 1611; x_wconf 78' lang='grc' dir='ltr'><strong><em>ἄρα</em></strong></span> <span class='ocrx_word' id='word_1_97' title='bbox 1598 1549 1714 1611; x_wconf 88' lang='grc' dir='ltr'><strong><em>μιν</em></strong></span> <span class='ocrx_word' id='word_1_98' title='bbox 1759 1527 1993 1603; x_wconf 87' lang='grc' dir='ltr'><strong><em>σκότος</em></strong></span> <span class='ocrx_word' id='word_1_99' title='bbox 2036 1518 2231 1591; x_wconf 82' lang='grc' dir='ltr'><strong><em>εἷλεν.</em></strong></span> 
     </span>
     <span class='ocr_line' id='line_1_15' title="bbox 206 1627 1886 1718; baseline -0.001 -20"><span class='ocrx_word' id='word_1_100' title='bbox 206 1635 496 1711; x_wconf 75' lang='grc' dir='ltr'><strong><em>Αἰνείας</em></strong></span> <span class='ocrx_word' id='word_1_101' title='bbox 541 1628 603 1698; x_wconf 91' lang='grc' dir='ltr'><strong><em>δ’</em></strong></span> <span class='ocrx_word' id='word_1_102' title='bbox 648 1629 755 1698; x_wconf 87' lang='grc' dir='ltr'><strong><em>ἐπὶ</em></strong></span> <span class='ocrx_word' id='word_1_103' title='bbox 796 1634 1112 1718; x_wconf 80' lang='grc' dir='ltr'><strong><em>Μηριόνῃ</em></strong></span> <span class='ocrx_word' id='word_1_104' title='bbox 1160 1632 1331 1717; x_wconf 87' lang='grc' dir='ltr'><strong><em>δόρυ</em></strong></span> <span class='ocrx_word' id='word_1_105' title='bbox 1374 1633 1656 1718; x_wconf 79' lang='grc' dir='ltr'><strong><em>χάλκεον</em></strong></span> <span class='ocrx_word' id='word_1_106' title='bbox 1698 1627 1886 1716; x_wconf 80' lang='grc' dir='ltr'><strong><em>ἧκεν·</em></strong></span> 
     </span>
    </p>

    <p class='ocr_par' dir='ltr' id='par_1_6' title="bbox 206 1737 1937 1825">
     <span class='ocr_line' id='line_1_16' title="bbox 206 1737 1937 1825; baseline 0.001 -21"><span class='ocrx_word' id='word_1_107' title='bbox 206 1741 452 1805; x_wconf 76' lang='grc' dir='ltr'><strong><em>ἔλπετο</em></strong></span> <span class='ocrx_word' id='word_1_108' title='bbox 497 1739 624 1824; x_wconf 82' lang='grc' dir='ltr'><strong><em>γὰρ</em></strong></span> <span class='ocrx_word' id='word_1_109' title='bbox 668 1737 1018 1817; x_wconf 79' lang='grc' dir='ltr'><strong><em>τεύξεσθαι</em></strong></span> <span class='ocrx_word' id='word_1_110' title='bbox 1060 1737 1429 1804; x_wconf 75' lang='grc' dir='ltr'><strong><em>ὑπασπίδια</em></strong></span> <span class='ocrx_word' id='word_1_111' title='bbox 1478 1738 1937 1825; x_wconf 88' lang='grc' dir='ltr'><strong><em>προβιβάντος.</em></strong></span> 
     </span>
    </p>

    <p class='ocr_par' dir='ltr' id='par_1_7' title="bbox 210 1840 2233 1929">
     <span class='ocr_line' id='line_1_17' title="bbox 210 1840 2233 1929; baseline 0 -19"><span class='ocrx_word' id='word_1_112' title='bbox 210 1841 366 1910; x_wconf 81' lang='grc' dir='ltr'><strong><em>ἀλλ’</em></strong></span> <span class='ocrx_word' id='word_1_113' title='bbox 410 1843 447 1909; x_wconf 87' lang='grc' dir='ltr'>ὁ</span> <span class='ocrx_word' id='word_1_114' title='bbox 493 1840 615 1929; x_wconf 77' lang='grc' dir='ltr'><strong><em>μὲν</em></strong></span> <span class='ocrx_word' id='word_1_115' title='bbox 662 1845 824 1909; x_wconf 78' lang='grc' dir='ltr'><strong><em>ἄντα</em></strong></span> <span class='ocrx_word' id='word_1_116' title='bbox 871 1843 1036 1908; x_wconf 81' lang='grc' dir='ltr'><strong><em>ἰδὼν</em></strong></span> <span class='ocrx_word' id='word_1_117' title='bbox 1079 1843 1360 1927; x_wconf 81' lang='grc' dir='ltr'><strong><em>ἠλεύατο</em></strong></span> <span class='ocrx_word' id='word_1_118' title='bbox 1406 1844 1685 1929; x_wconf 88' lang='grc' dir='ltr'><strong><em>χάλκεον</em></strong></span> <span class='ocrx_word' id='word_1_119' title='bbox 1730 1846 1944 1929; x_wconf 75' lang='grc' dir='ltr'><strong><em>ἔγχος·</em></strong></span> <span class='ocrx_word' id='word_1_120' title='bbox 2125 1859 2233 1910; x_wconf 79' lang='grc'><strong><em>610</em></strong></span> 
     </span>
    </p>
   </div>
   <div class='ocr_carea' id='block_1_4' title="bbox 136 1945 2159 2035">
    <p class='ocr_par' dir='ltr' id='par_1_8' title="bbox 136 1945 2159 2035">
     <span class='ocr_line' id='line_1_18' title="bbox 136 1945 2159 2035; baseline -0.001 -19"><span class='ocrx_word' id='word_1_121' title='bbox 136 1969 141 1973; x_wconf 78' lang='grc'><strong><em>’</em></strong></span> <span class='ocrx_word' id='word_1_122' title='bbox 206 1952 488 2034; x_wconf 85' lang='grc' dir='ltr'><strong><em>πρόσσω</em></strong></span> <span class='ocrx_word' id='word_1_123' title='bbox 533 1950 661 2035; x_wconf 76' lang='grc' dir='ltr'><strong><em>γὰρ</em></strong></span> <span class='ocrx_word' id='word_1_124' title='bbox 705 1947 1058 2031; x_wconf 83' lang='grc' dir='ltr'><strong><em>κατέκυψε,</em></strong></span> <span class='ocrx_word' id='word_1_125' title='bbox 1104 1950 1178 2014; x_wconf 89' lang='grc' dir='ltr'><strong><em>τὸ</em></strong></span> <span class='ocrx_word' id='word_1_126' title='bbox 1225 1945 1290 2015; x_wconf 85' lang='grc' dir='ltr'><strong><em>δ’</em></strong></span> <span class='ocrx_word' id='word_1_127' title='bbox 1336 1948 1644 2028; x_wconf 80' lang='grc' dir='ltr'><strong><em>ἐξόπιθεν</em></strong></span> <span class='ocrx_word' id='word_1_128' title='bbox 1691 1950 1860 2033; x_wconf 90' lang='grc' dir='ltr'><strong><em>δόρυ</em></strong></span> <span class='ocrx_word' id='word_1_129' title='bbox 1904 1948 2159 2034; x_wconf 88' lang='grc' dir='ltr'><strong><em>μακρὸν</em></strong></span> 
     </span>
    </p>
   </div>
   <div class='ocr_carea' id='block_1_5' title="bbox 211 2047 2079 2352">
    <p class='ocr_par' dir='ltr' id='par_1_9' title="bbox 211 2047 2079 2352">
     <span class='ocr_line' id='line_1_19' title="bbox 211 2047 1914 2141; baseline -0.002 -20"><span class='ocrx_word' id='word_1_130' title='bbox 211 2056 409 2121; x_wconf 77' lang='grc' dir='ltr'><strong><em>οὔδει</em></strong></span> <span class='ocrx_word' id='word_1_131' title='bbox 455 2054 891 2139; x_wconf 83' lang='grc' dir='ltr'><strong><em>ἐνισκίμφθη,</em></strong></span> <span class='ocrx_word' id='word_1_132' title='bbox 941 2051 1046 2120; x_wconf 89' lang='grc' dir='ltr'><strong><em>ἐπὶ</em></strong></span> <span class='ocrx_word' id='word_1_133' title='bbox 1091 2047 1154 2118; x_wconf 90' lang='grc' dir='ltr'><strong><em>δ’</em></strong></span> <span class='ocrx_word' id='word_1_134' title='bbox 1196 2054 1509 2141; x_wconf 84' lang='grc' dir='ltr'><strong><em>οὐρίαχος</em></strong></span> <span class='ocrx_word' id='word_1_135' title='bbox 1551 2057 1914 2138; x_wconf 86' lang='grc' dir='ltr'><strong><em>πελεμίχθη</em></strong></span> 
     </span>
     <span class='ocr_line' id='line_1_20' title="bbox 211 2154 2079 2246; baseline -0.001 -21"><span class='ocrx_word' id='word_1_136' title='bbox 211 2163 470 2246; x_wconf 70' lang='grc' dir='ltr'><strong><em>ἔγχεος·</em></strong></span> <span class='ocrx_word' id='word_1_137' title='bbox 517 2162 688 2226; x_wconf 81' lang='grc' dir='ltr'><strong><em>ἔνθα</em></strong></span> <span class='ocrx_word' id='word_1_138' title='bbox 734 2157 795 2225; x_wconf 89' lang='grc' dir='ltr'><strong><em>δ’</em></strong></span> <span class='ocrx_word' id='word_1_139' title='bbox 841 2154 1038 2226; x_wconf 81' lang='grc' dir='ltr'><strong><em>ἔπειτ’</em></strong></span> <span class='ocrx_word' id='word_1_140' title='bbox 1087 2159 1271 2246; x_wconf 79' lang='grc' dir='ltr'><strong><em>ἀφίει</em></strong></span> <span class='ocrx_word' id='word_1_141' title='bbox 1316 2159 1515 2243; x_wconf 88' lang='grc' dir='ltr'><strong><em>μένος</em></strong></span> <span class='ocrx_word' id='word_1_142' title='bbox 1559 2161 1834 2244; x_wconf 78' lang='grc' dir='ltr'><strong><em>ὄβριμος</em></strong></span> <span class='ocrx_word' id='word_1_143' title='bbox 1859 2157 2079 2245; x_wconf 78' lang='grc' dir='ltr'><strong><em>Ἀρης.</em></strong></span> 
     </span>
     <span class='ocr_line' id='line_1_21' title="bbox 215 2263 1861 2352; baseline -0.002 -20"><span class='ocrx_word' id='word_1_144' title='bbox 215 2267 452 2352; x_wconf 82' lang='grc' dir='ltr'><strong><em>[αἰχμὴ</em></strong></span> <span class='ocrx_word' id='word_1_145' title='bbox 498 2263 562 2331; x_wconf 89' lang='grc' dir='ltr'><strong><em>δ’</em></strong></span> <span class='ocrx_word' id='word_1_146' title='bbox 605 2266 881 2332; x_wconf 81' lang='grc' dir='ltr'><strong><em>Αἰνείαο</em></strong></span> <span class='ocrx_word' id='word_1_147' title='bbox 925 2265 1415 2352; x_wconf 81' lang='grc' dir='ltr'><strong><em>κραδαινομένη</em></strong></span> <span class='ocrx_word' id='word_1_148' title='bbox 1460 2266 1625 2330; x_wconf 80' lang='grc' dir='ltr'><strong><em>κατὰ</em></strong></span> <span class='ocrx_word' id='word_1_149' title='bbox 1667 2267 1861 2349; x_wconf 87' lang='grc' dir='ltr'><strong><em>γαίης</em></strong></span> 
     </span>
    </p>
   </div>
   <div class='ocr_carea' id='block_1_6' title="bbox 42 2365 2234 2460">
    <p class='ocr_par' dir='ltr' id='par_1_10' title="bbox 42 2365 2234 2460">
     <span class='ocr_line' id='line_1_22' title="bbox 42 2365 2234 2460; baseline -0.002 -19"><span class='ocrx_word' id='word_1_150' title='bbox 42 2386 52 2395; x_wconf 87' lang='grc'><em>“</em></span> <span class='ocrx_word' id='word_1_151' title='bbox 170 2365 444 2460; x_wconf 46' lang='grc' dir='ltr'><strong><em>ρ,ι’ᾱῗῖχετᾏ</em></strong></span> <span class='ocrx_word' id='word_1_152' title='bbox 482 2371 630 2439; x_wconf 88' lang='grc' dir='ltr'><strong><em>ἐπεί</em></strong></span> <span class='ocrx_word' id='word_1_153' title='bbox 658 2369 721 2457; x_wconf 79' lang='grc' dir='ltr'><strong><em>ῤ’</em></strong></span> <span class='ocrx_word' id='word_1_154' title='bbox 764 2372 957 2439; x_wconf 79' lang='grc' dir='ltr'><strong><em>ἅλιον</em></strong></span> <span class='ocrx_word' id='word_1_155' title='bbox 994 2374 1307 2456; x_wconf 80' lang='grc' dir='ltr'><strong><em>στιβαρῆς</em></strong></span> <span class='ocrx_word' id='word_1_156' title='bbox 1342 2370 1469 2437; x_wconf 78' lang='grc' dir='ltr'><strong><em>ἀπὸ</em></strong></span> <span class='ocrx_word' id='word_1_157' title='bbox 1509 2371 1727 2457; x_wconf 89' lang='grc' dir='ltr'><strong><em>χειρὸς</em></strong></span> <span class='ocrx_word' id='word_1_158' title='bbox 1761 2371 2091 2455; x_wconf 78' lang='grc' dir='ltr'><strong><em>ὄρουσεν.]</em></strong></span> <span class='ocrx_word' id='word_1_159' title='bbox 2127 2386 2234 2438; x_wconf 67' lang='grc'><strong><em>616</em></strong></span> 
     </span>
    </p>
   </div>
   <div class='ocr_carea' id='block_1_7' title="bbox 214 2474 2030 2671">
    <p class='ocr_par' dir='ltr' id='par_1_11' title="bbox 214 2474 2030 2671">
     <span class='ocr_line' id='line_1_23' title="bbox 214 2474 1883 2563; baseline -0.001 -19"><span class='ocrx_word' id='word_1_160' title='bbox 214 2480 497 2555; x_wconf 85' lang='grc' dir='ltr'><strong><em>Αἰνείας</em></strong></span> <span class='ocrx_word' id='word_1_161' title='bbox 542 2474 604 2543; x_wconf 86' lang='grc' dir='ltr'><strong><em>δ’</em></strong></span> <span class='ocrx_word' id='word_1_162' title='bbox 648 2477 777 2563; x_wconf 78' lang='grc' dir='ltr'><strong><em>ἄρα</em></strong></span> <span class='ocrx_word' id='word_1_163' title='bbox 821 2478 1048 2561; x_wconf 86' lang='grc' dir='ltr'><strong><em>θυμὸν</em></strong></span> <span class='ocrx_word' id='word_1_164' title='bbox 1093 2476 1382 2562; x_wconf 82' lang='grc' dir='ltr'><strong><em>ἐχώσατο</em></strong></span> <span class='ocrx_word' id='word_1_165' title='bbox 1429 2475 1742 2561; x_wconf 83' lang='grc' dir='ltr'><strong><em>φώνησέν</em></strong></span> <span class='ocrx_word' id='word_1_166' title='bbox 1786 2495 1883 2541; x_wconf 90' lang='grc' dir='ltr'><strong><em>τε·</em></strong></span> 
     </span>
     <span class='ocr_line' id='line_1_24' title="bbox 216 2580 2030 2671; baseline -0.001 -23"><span class='ocrx_word' id='word_1_167' title='bbox 216 2586 617 2671; x_wconf 51' lang='grc' dir='ltr'><strong><em>,Μηριόνῃ</em></strong></span> <span class='ocrx_word' id='word_1_168' title='bbox 663 2583 827 2668; x_wconf 87' lang='grc' dir='ltr'><strong><em>τάχα</em></strong></span> <span class='ocrx_word' id='word_1_169' title='bbox 869 2581 985 2647; x_wconf 89' lang='grc' dir='ltr'><strong><em>κέν</em></strong></span> <span class='ocrx_word' id='word_1_170' title='bbox 1030 2597 1105 2647; x_wconf 90' lang='grc' dir='ltr'><strong><em>σε</em></strong></span> <span class='ocrx_word' id='word_1_171' title='bbox 1149 2580 1259 2648; x_wconf 85' lang='grc' dir='ltr'><strong><em>καὶ</em></strong></span> <span class='ocrx_word' id='word_1_172' title='bbox 1305 2582 1633 2668; x_wconf 78' lang='grc' dir='ltr'><strong><em>ὀρχηστήν</em></strong></span> <span class='ocrx_word' id='word_1_173' title='bbox 1675 2603 1798 2667; x_wconf 87' lang='grc' dir='ltr'><strong><em>περ</em></strong></span> <span class='ocrx_word' id='word_1_174' title='bbox 1837 2582 2030 2648; x_wconf 85' lang='grc' dir='ltr'><strong><em>ἐόντα</em></strong></span> 
     </span>
    </p>
   </div>
   <div class='ocr_carea' id='block_1_8' title="bbox 106 2682 2179 2785">
    <p class='ocr_par' dir='ltr' id='par_1_12' title="bbox 106 2682 2179 2785">
     <span class='ocr_line' id='line_1_25' title="bbox 106 2682 2179 2785; baseline -0.004 -26"><span class='ocrx_word' id='word_1_175' title='bbox 106 2740 123 2763; x_wconf 56' lang='lat' dir='ltr'><em>f</em></span> <span class='ocrx_word' id='word_1_176' title='bbox 224 2693 415 2785; x_wconf 79' lang='grc' dir='ltr'><strong><em>ἔγχος</em></strong></span> <span class='ocrx_word' id='word_1_177' title='bbox 460 2689 620 2774; x_wconf 85' lang='grc' dir='ltr'><strong><em>ἐμὸν</em></strong></span> <span class='ocrx_word' id='word_1_178' title='bbox 664 2687 1028 2754; x_wconf 86' lang='grc' dir='ltr'><strong><em>κατέπαυσε</em></strong></span> <span class='ocrx_word' id='word_1_179' title='bbox 1074 2688 1453 2775; x_wconf 89' lang='grc' dir='ltr'><strong><em>διαμπερές,</em></strong></span> <span class='ocrx_word' id='word_1_180' title='bbox 1501 2693 1569 2754; x_wconf 79' lang='grc' dir='ltr'><strong><em>εἰ</em></strong></span> <span class='ocrx_word' id='word_1_181' title='bbox 1604 2682 1668 2753; x_wconf 91' lang='grc' dir='ltr'><strong><em>σ’</em></strong></span> <span class='ocrx_word' id='word_1_182' title='bbox 1709 2690 1948 2773; x_wconf 78' lang='grc' dir='ltr'><strong><em>ἔβαλόν</em></strong></span> <span class='ocrx_word' id='word_1_183' title='bbox 1992 2687 2179 2773; x_wconf 84' lang='grc' dir='ltr'><strong><em>περ.“</em></strong></span> 
     </span>
    </p>
   </div>
   <div class='ocr_carea' id='block_1_9' title="bbox 310 2787 2067 2879">
    <p class='ocr_par' dir='ltr' id='par_1_13' title="bbox 310 2787 2067 2879">
     <span class='ocr_line' id='line_1_26' title="bbox 310 2787 2067 2879; baseline -0.001 -20"><span class='ocrx_word' id='word_1_184' title='bbox 310 2796 432 2859; x_wconf 90' lang='grc' dir='ltr'><strong><em>τὸν</em></strong></span> <span class='ocrx_word' id='word_1_185' title='bbox 478 2791 540 2859; x_wconf 88' lang='grc' dir='ltr'><strong><em>δ’</em></strong></span> <span class='ocrx_word' id='word_1_186' title='bbox 585 2787 671 2859; x_wconf 84' lang='grc' dir='ltr'><strong><em>αὖ</em></strong></span> <span class='ocrx_word' id='word_1_187' title='bbox 716 2795 1069 2879; x_wconf 90' lang='grc' dir='ltr'><strong><em>Μηριόνης</em></strong></span> <span class='ocrx_word' id='word_1_188' title='bbox 1115 2794 1547 2879; x_wconf 89' lang='grc' dir='ltr'><strong><em>δουρικλυτὸς</em></strong></span> <span class='ocrx_word' id='word_1_189' title='bbox 1591 2791 1821 2859; x_wconf 79' lang='grc' dir='ltr'><strong><em>ἀντίον</em></strong></span> <span class='ocrx_word' id='word_1_190' title='bbox 1866 2793 2067 2876; x_wconf 81' lang='grc' dir='ltr'><strong><em>ηὔδα·</em></strong></span> 
     </span>
    </p>
   </div>
   <div class='ocr_carea' id='block_1_10' title="bbox 73 2855 2235 2986">
    <p class='ocr_par' dir='ltr' id='par_1_14' title="bbox 73 2855 2235 2986">
     <span class='ocr_line' id='line_1_27' title="bbox 73 2855 2235 2986; baseline 0 -21"><span class='ocrx_word' id='word_1_191' title='bbox 73 2855 97 2949; x_wconf 45' lang='lat' dir='ltr'>J</span> <span class='ocrx_word' id='word_1_192' title='bbox 120 2896 139 2911; x_wconf 75' lang='lat'><em>&#39;</em></span> <span class='ocrx_word' id='word_1_193' title='bbox 170 2894 176 2898; x_wconf 46' lang='lat'><strong>⁴</strong></span> <span class='ocrx_word' id='word_1_194' title='bbox 218 2902 535 2986; x_wconf 86' lang='grc' dir='ltr'><strong><em>,,Αἰνεία,</em></strong></span> <span class='ocrx_word' id='word_1_195' title='bbox 581 2902 865 2985; x_wconf 89' lang='grc' dir='ltr'><strong><em>χαλεπόν</em></strong></span> <span class='ocrx_word' id='word_1_196' title='bbox 911 2915 986 2965; x_wconf 90' lang='grc' dir='ltr'><strong><em>σε</em></strong></span> <span class='ocrx_word' id='word_1_197' title='bbox 1030 2896 1141 2964; x_wconf 89' lang='grc' dir='ltr'><strong><em>καὶ</em></strong></span> <span class='ocrx_word' id='word_1_198' title='bbox 1186 2902 1473 2985; x_wconf 76' lang='grc' dir='ltr'><strong><em>ἴφθιμόν</em></strong></span> <span class='ocrx_word' id='word_1_199' title='bbox 1516 2920 1638 2984; x_wconf 89' lang='grc' dir='ltr'><strong><em>περ</em></strong></span> <span class='ocrx_word' id='word_1_200' title='bbox 1685 2897 1880 2963; x_wconf 90' lang='grc' dir='ltr'><strong><em>ἐόντα</em></strong></span> <span class='ocrx_word' id='word_1_201' title='bbox 2128 2916 2235 2965; x_wconf 64' lang='grc'><strong><em>620</em></strong></span> 
     </span>
    </p>
   </div>
   <div class='ocr_carea' id='block_1_11' title="bbox 220 3001 2122 3408">
    <p class='ocr_par' dir='ltr' id='par_1_15' title="bbox 220 3001 2122 3408">
     <span class='ocr_line' id='line_1_28' title="bbox 220 3001 2119 3091; baseline -0.003 -18"><span class='ocrx_word' id='word_1_202' title='bbox 220 3007 493 3073; x_wconf 90' lang='grc' dir='ltr'><strong><em>πάντων</em></strong></span> <span class='ocrx_word' id='word_1_203' title='bbox 538 3005 918 3091; x_wconf 85' lang='grc' dir='ltr'><strong><em>ἀνθρώπων</em></strong></span> <span class='ocrx_word' id='word_1_204' title='bbox 964 3003 1238 3089; x_wconf 84' lang='grc' dir='ltr'><strong><em>σβέσσαι</em></strong></span> <span class='ocrx_word' id='word_1_205' title='bbox 1284 3004 1507 3089; x_wconf 88' lang='grc' dir='ltr'><strong><em>μένος,</em></strong></span> <span class='ocrx_word' id='word_1_206' title='bbox 1558 3004 1631 3081; x_wconf 79' lang='grc' dir='ltr'><strong><em>ὅς</em></strong></span> <span class='ocrx_word' id='word_1_207' title='bbox 1673 3001 1753 3069; x_wconf 86' lang='grc' dir='ltr'><strong><em>κέ</em></strong></span> <span class='ocrx_word' id='word_1_208' title='bbox 1791 3020 1910 3069; x_wconf 90' lang='grc' dir='ltr'><strong><em>σευ</em></strong></span> <span class='ocrx_word' id='word_1_209' title='bbox 1956 3003 2119 3069; x_wconf 72' lang='grc' dir='ltr'><strong><em>ἄντα</em></strong></span> 
     </span>
     <span class='ocr_line' id='line_1_29' title="bbox 228 3106 2035 3198; baseline -0.002 -19"><span class='ocrx_word' id='word_1_210' title='bbox 228 3116 398 3197; x_wconf 75' lang='grc' dir='ltr'><strong><em>ἔλθῃ</em></strong></span> <span class='ocrx_word' id='word_1_211' title='bbox 444 3111 886 3198; x_wconf 87' lang='grc' dir='ltr'><strong><em>ἀμυνόμενος·</em></strong></span> <span class='ocrx_word' id='word_1_212' title='bbox 930 3111 1181 3196; x_wconf 88' lang='grc' dir='ltr'><strong><em>θνητὸς</em></strong></span> <span class='ocrx_word' id='word_1_213' title='bbox 1226 3110 1306 3177; x_wconf 86' lang='grc' dir='ltr'><strong><em>δέ</em></strong></span> <span class='ocrx_word' id='word_1_214' title='bbox 1346 3133 1432 3176; x_wconf 92' lang='grc' dir='ltr'><strong><em>νυ</em></strong></span> <span class='ocrx_word' id='word_1_215' title='bbox 1476 3106 1586 3174; x_wconf 89' lang='grc' dir='ltr'><strong><em>καὶ</em></strong></span> <span class='ocrx_word' id='word_1_216' title='bbox 1630 3111 1716 3175; x_wconf 88' lang='grc' dir='ltr'><strong><em>σὺ</em></strong></span> <span class='ocrx_word' id='word_1_217' title='bbox 1760 3106 2035 3188; x_wconf 83' lang='grc' dir='ltr'><strong><em>τέτυξαι.</em></strong></span> 
     </span>
     <span class='ocr_line' id='line_1_30' title="bbox 226 3212 2028 3302; baseline -0.003 -18"><span class='ocrx_word' id='word_1_218' title='bbox 226 3219 290 3284; x_wconf 88' lang='grc' dir='ltr'><strong><em>εἰ</em></strong></span> <span class='ocrx_word' id='word_1_219' title='bbox 329 3214 439 3282; x_wconf 86' lang='grc' dir='ltr'><strong><em>καὶ</em></strong></span> <span class='ocrx_word' id='word_1_220' title='bbox 485 3216 612 3300; x_wconf 90' lang='grc' dir='ltr'><strong><em>ἐγώ</em></strong></span> <span class='ocrx_word' id='word_1_221' title='bbox 658 3233 734 3283; x_wconf 90' lang='grc' dir='ltr'><strong><em>σε</em></strong></span> <span class='ocrx_word' id='word_1_222' title='bbox 779 3216 1046 3302; x_wconf 89' lang='grc' dir='ltr'><strong><em>βάλοιμι</em></strong></span> <span class='ocrx_word' id='word_1_223' title='bbox 1090 3217 1311 3301; x_wconf 81' lang='grc' dir='ltr'><strong><em>τυχὼν</em></strong></span> <span class='ocrx_word' id='word_1_224' title='bbox 1354 3213 1559 3301; x_wconf 87' lang='grc' dir='ltr'><strong><em>μέσον</em></strong></span> <span class='ocrx_word' id='word_1_225' title='bbox 1604 3212 1737 3293; x_wconf 86' lang='grc' dir='ltr'><strong><em>ὀξέι</em></strong></span> <span class='ocrx_word' id='word_1_226' title='bbox 1781 3219 2028 3300; x_wconf 75' lang='grc' dir='ltr'><strong><em>χαλκῷ,</em></strong></span> 
     </span>
     <span class='ocr_line' id='line_1_31' title="bbox 225 3318 2122 3408; baseline -0.003 -18"><span class='ocrx_word' id='word_1_227' title='bbox 225 3318 389 3402; x_wconf 81' lang='grc' dir='ltr'><strong><em>αἶψά</em></strong></span> <span class='ocrx_word' id='word_1_228' title='bbox 430 3345 505 3388; x_wconf 86' lang='grc' dir='ltr'><strong><em>κε</em></strong></span> <span class='ocrx_word' id='word_1_229' title='bbox 547 3320 659 3386; x_wconf 85' lang='grc' dir='ltr'><strong><em>καὶ</em></strong></span> <span class='ocrx_word' id='word_1_230' title='bbox 701 3325 1018 3408; x_wconf 89' lang='grc' dir='ltr'><strong><em>κρατερός</em></strong></span> <span class='ocrx_word' id='word_1_231' title='bbox 1057 3344 1181 3408; x_wconf 87' lang='grc' dir='ltr'><strong><em>περ</em></strong></span> <span class='ocrx_word' id='word_1_232' title='bbox 1228 3323 1358 3389; x_wconf 81' lang='grc' dir='ltr'><strong><em>ἐὼν</em></strong></span> <span class='ocrx_word' id='word_1_233' title='bbox 1401 3318 1510 3386; x_wconf 85' lang='grc' dir='ltr'><strong><em>καὶ</em></strong></span> <span class='ocrx_word' id='word_1_234' title='bbox 1553 3319 1739 3406; x_wconf 83' lang='grc' dir='ltr'><strong><em>χερσὶ</em></strong></span> <span class='ocrx_word' id='word_1_235' title='bbox 1782 3320 2122 3397; x_wconf 80' lang='grc' dir='ltr'><strong><em>πεποιθὼς</em></strong></span> 
     </span>
    </p>
   </div>
   <div class='ocr_carea' id='block_1_12' title="bbox 124 3423 2230 3517">
    <p class='ocr_par' dir='ltr' id='par_1_16' title="bbox 124 3423 2230 3517">
     <span class='ocr_line' id='line_1_32' title="bbox 124 3423 2230 3517; baseline -0.004 -24"><span class='ocrx_word' id='word_1_236' title='bbox 124 3488 130 3493; x_wconf 89' lang='grc'><strong>.</strong></span> <span class='ocrx_word' id='word_1_237' title='bbox 227 3424 419 3514; x_wconf 82' lang='grc' dir='ltr'><strong><em>εὖχος</em></strong></span> <span class='ocrx_word' id='word_1_238' title='bbox 462 3425 607 3511; x_wconf 85' lang='grc' dir='ltr'><strong><em>ἐμοὶ</em></strong></span> <span class='ocrx_word' id='word_1_239' title='bbox 654 3428 871 3511; x_wconf 88' lang='grc' dir='ltr'><strong><em>δοίης,</em></strong></span> <span class='ocrx_word' id='word_1_240' title='bbox 916 3429 1137 3517; x_wconf 76' lang='grc' dir='ltr'><strong><em>ψυχὴν</em></strong></span> <span class='ocrx_word' id='word_1_241' title='bbox 1184 3423 1245 3491; x_wconf 88' lang='grc' dir='ltr'><strong><em>δ’</em></strong></span> <span class='ocrx_word' id='word_1_242' title='bbox 1280 3424 1459 3491; x_wconf 76' lang='grc' dir='ltr'><strong><em>’Ἀιδι</em></strong></span> <span class='ocrx_word' id='word_1_243' title='bbox 1501 3425 1966 3509; x_wconf 75' lang='grc' dir='ltr'><strong><em>κλυτοπώλφ.“</em></strong></span> <span class='ocrx_word' id='word_1_244' title='bbox 2127 3440 2230 3489; x_wconf 75' lang='grc'><strong><em>625</em></strong></span> 
     </span>
    </p>
   </div>
   <div class='ocr_carea' id='block_1_13' title="bbox 317 3524 2164 3617">
    <p class='ocr_par' dir='ltr' id='par_1_17' title="bbox 317 3524 2164 3617">
     <span class='ocr_line' id='line_1_33' title="bbox 317 3524 2164 3617; baseline -0.008 -17"><span class='ocrx_word' id='word_1_245' title='bbox 317 3527 404 3610; x_wconf 79' lang='grc' dir='ltr'><strong><em>ὥς</em></strong></span> <span class='ocrx_word' id='word_1_246' title='bbox 446 3532 654 3617; x_wconf 89' lang='grc' dir='ltr'><strong><em>φάτο,</em></strong></span> <span class='ocrx_word' id='word_1_247' title='bbox 698 3533 818 3597; x_wconf 89' lang='grc' dir='ltr'><strong><em>τὸν</em></strong></span> <span class='ocrx_word' id='word_1_248' title='bbox 865 3528 927 3597; x_wconf 88' lang='grc' dir='ltr'><strong><em>δ’</em></strong></span> <span class='ocrx_word' id='word_1_249' title='bbox 973 3530 1231 3597; x_wconf 83' lang='grc' dir='ltr'><strong><em>ἐνένιπε</em></strong></span> <span class='ocrx_word' id='word_1_250' title='bbox 1275 3531 1643 3595; x_wconf 88' lang='grc' dir='ltr'><strong><em>Μενοιτίου</em></strong></span> <span class='ocrx_word' id='word_1_251' title='bbox 1689 3529 1961 3609; x_wconf 76' lang='grc' dir='ltr'><strong><em>ἄλκιμος</em></strong></span> <span class='ocrx_word' id='word_1_252' title='bbox 2000 3524 2164 3599; x_wconf 74' lang='grc' dir='ltr'><strong><em>υἱός·</em></strong></span> 
     </span>
    </p>
   </div>
  </div>
 </body>
</html>
