2525 3884
990 201 1291 254 ιΔιΑΔοΣ
1326 203 1441 254 xv.
2142 199 2228 264 49

216 350 315 431 τῷ
363 337 572 427 ἔχεθ’,
618 344 756 408 ὄττι
800 366 918 408 κεν
959 344 1126 427 ὔμμι
1167 343 1374 409 κακὸν
1418 341 1748 429 πέμπῃσιν
1794 341 2062 433 ἑκάστῳ.

217 450 353 531 ἤδη
399 450 528 535 γὰρ
572 457 702 513 νῦν
746 442 975 532 ἔλπομ’
1007 447 1209 535 ’Ἀρηί
1244 473 1322 532 γε
1366 458 1547 533 πῆμα
1591 450 1929 535 τετύχθαι·
2125 466 2230 517 uo

214 556 371 631 υίὸς
414 556 542 641 γάρ
588 555 660 619 oc
698 556 903 620 ὄλωλε
947 555 1118 639 μάχῃ
1165 557 1287 637 ἔνι,
1334 558 1647 639 φίλτατος
1691 555 1980 640 ἀνδρῶν,

210 657 652 744 Ἀσκάλαφος,
696 662 816 725 τόν
861 677 1070 744 φησιν
1116 659 1196 725 ὃν
1240 662 1514 744 ἔμμεναι
1560 661 1835 746 ὄβριμος
1860 660 2126 748 Ἄρης.“

148 790 163 796 ·
311 759 406 842 ὧς
449 760 661 849 ἔφατ’,
709 765 914 846 αὐτὰρ
947 764 1146 851 ’Ἁρης
1186 766 1455 851 θαλερὼ
1498 768 1861 850 πεπλήγετο
1906 766 2093 851 μηρὼ

213 869 412 956 χερσὶ
453 866 962 954 καταπρηνέσσ’,
1009 869 1505 956 ὀλοφυρόμενος
1550 868 1616 936 δ’
1668 874 1824 948 ἔπος
1866 871 2067 955 ηὔδα·

214 978 360 1061 ,,μὴ
406 984 536 1041 νῦν
581 999 694 1059 μοι
736 971 1138 1059 νεμεσήσετ’,
1177 970 1492 1060 Ὀλύμπια
1537 975 1782 1061 δώματ’
1826 980 2105 1062 ἔχοντες,
2123 992 2224 1042 115

211 1086 540 1148 τίσασθαι
586 1083 801 1165 φόνον
844 1072 991 1157 υἷος
1036 1078 1199 1146 ἰόντ’
1252 1079 1357 1146 ἐπὶ
1401 1091 1566 1165 νῆας
1603 1077 1899 1169 Ἀχαιῶν,

212 1193 290 1254 εἴ
325 1184 453 1271 πέρ
498 1211 611 1272 μοι
652 1185 764 1252 καὶ
805 1195 1005 1270 μοῖρα
1047 1187 1217 1262 Διὸς
1259 1185 1574 1269 πληγέντι
1616 1196 1917 1276 κεραυνῷ

211 1298 494 1358 κεῖσθαι
537 1292 709 1377 ὁμοῦ
751 1291 1057 1356 νεκύεσσι
1101 1288 1253 1376 μεθ’
1306 1292 1530 1376 αἵματι
1572 1290 1681 1357 καὶ
1726 1293 2093 1377 κονίῃσιν.“

313 1393 409 1475 ὧς
451 1399 646 1483 φάτο,
690 1400 809 1462 καί
846 1391 909 1482 ῤ’
957 1397 1199 1474 ἵππους
1232 1395 1456 1463 κέλετο
1493 1399 1748 1481 Δεῖμόν
1783 1420 1853 1461 τε
1895 1399 2121 1480 Φόβον
2154 1419 2226 1462 τε

213 1505 608 1589 ζευγνύμεν,
655 1502 853 1579 αὐτὸς
898 1496 960 1567 δ’
1011 1497 1177 1569 ἔντε’
1229 1503 1502 1568 ἐδύσετο
1546 1505 2059 1588 παμφανόωντα.
2119 1518 2222 1568 120

219 1614 404 1676 ἔνθα
446 1605 507 1674 κ’
559 1611 654 1673 ἔτι
698 1611 935 1693 μείζων
975 1630 1047 1673 τε
1090 1606 1199 1673 καὶ
1245 1607 1732 1695 ἀργαλεώτερος
1774 1609 1973 1686 ἄλλος

211 1716 361 1800 πὰρ
403 1717 570 1791 Διὸς
613 1714 1008 1779 ἀθανάτοισι
1051 1716 1247 1799 χόλος
1290 1712 1400 1779 καὶ
1435 1721 1638 1799 ’μῆνις
1683 1715 1952 1800 ἐτύχθη,

214 1824 287 1887 εἰ
331 1822 420 1905 μὴ
459 1817 709 1905 Ἀθήνη
753 1829 913 1885 πᾶσι
957 1821 1386 1910 περιδείσασα
1429 1827 1693 1886 θεοῖσιν

216 1923 402 2011 ὦρτο
447 1922 586 1991 διὲκ
629 1926 1002 2010 προθύρου,
1048 1928 1195 1991 λίπε
1248 1922 1322 1990 δὲ
1366 1929 1648 2010 θρόνον,
1696 1929 1864 1992 ἔνθα
1907 1927 2225 1991 θάασσεν·

215 2040 350 2097 τοῦ
369 2025 432 2096 δ’
456 2031 582 2097 ἀπὸ
604 2027 727 2115 μὲν
743 2036 1032 2116 κεφαλῆς
1065 2025 1307 2114 κόρυθ’
1326 2030 1534 2097 εἵλετο
1552 2029 1663 2095 καὶ
1681 2032 1880 2107 σάκος
1900 2032 2225 2115 &ummah

221 2141 420 2221 ἔγχος
463 2131 526 2201 δ’
577 2139 806 2220 ἔστησε
851 2138 1164 2219 στιβαρῆς
1207 2135 1334 2201 ἀπὸ
1378 2137 1598 2221 χειρὸς
1643 2133 1884 2201 ἑλοῦσα

218 2245 532 2331 χάλκεον·
578 2242 622 2326 ἡ
667 2238 731 2308 δ’
782 2241 1040 2308 ἐπέεσσι
1084 2242 1458 2307 καθάπτετο
1503 2247 1766 2326 θοῦρον
1794 2240 2031 2327 Ἄρηα·

220 2351 659 2433 ,,μαινόμενε,
702 2345 954 2432 φρένας
997 2345 1134 2431 ῆλέ,
1182 2344 1571 2432 διέφθορας.
1642 2341 1685 2429 ἦ
1730 2347 1818 2412 νύ
1861 2370 1966 2412 τοι
2012 2348 2222 2426 αὔτως

221 2448 418 2519 οὔατ’
467 2450 788 2537 ἀκουέμεν
835 2454 991 2535 ἔστι,
1038 2455 1194 2529 νόος
1240 2448 1304 2516 δ’
1355 2451 1651 2517 ἀπόλωλε
1694 2450 1803 2517 καὶ
1849 2453 2069 2530 αἰδώς.

221 2558 356 2626 οὐκ
398 2558 581 2639 ἀίεις,
626 2559 668 2622 ἅ
710 2557 786 2624 τέ
825 2574 990 2644 φησι
1033 2559 1182 2641 θεά,
1229 2558 1634 2634 λευκώλενος
1660 2557 1857 2643 ”Ηρη,
2126 2575 2227 2625 130

225 2665 273 2748 ἣ
324 2665 404 2747 δὴ
440 2673 569 2730 νῦν
612 2665 742 2749 πάρ
792 2665 1006 2747 Ζηνὸς
1044 2658 1399 2748 Ὀλυμπίου
1445 2665 1865 2747 εἰλήλουθενς

222 2767 271 2854 ἦ
320 2768 570 2846 ἐθέλεις
614 2771 811 2846 αὐτὸς
854 2766 975 2854 μὲν
1019 2769 1399 2853 ἀναπλήσας
1440 2769 1607 2834 κακά
1649 2770 1861 2835 πολλὰ

225 2875 325 2954 ἂψ
369 2882 517 2961 ἴμεν
564 2875 1024 2958 Οὔλυμπόνδε,
1066 2871 1178 2938 καὶ
1222 2874 1588 2959 ἀχνύμενός
1630 2894 1774 2958 περ,
1821 2872 2094 2960 ἀνάγκη,

225 2981 440 3066 αὐτὰρ
485 2992 625 3058 τοῖς
667 2981 926 3045 ἄλλοισι
969 2981 1174 3045 κακὸν
1219 2978 1387 3064 μέγα
1431 2988 1591 3044 πᾶσι
1627 2987 1978 3062 φυτεῦσαι;

226 3087 466 3153 αὐτίκα
510 3087 635 3180 γὰρ
688 3089 916 3170 Τρῶας
960 3082 1082 3169 μὲν
1127 3085 1557 3171 ὑπερθύμους
1599 3081 1710 3148 καὶ
1750 3079 2046 3169 Ἀχαιοὺς
2125 3102 2227 3153 135

229 3196 467 3274 λείψει,
515 3191 551 3257 ὁ
599 3186 661 3256 δ’
709 3190 913 3275 ἡμέας
957 3183 1085 3256 εἶσι
1128 3193 1554 3275 κυδοιμήσων
1600 3189 1666 3266 ἐς
1691 3188 2050 3275 Ὄλυμπον,

227 3299 477 3385 μάρψει
524 3293 587 3362 δ’
641 3296 865 3381 ἑξείης,
912 3297 985 3375 ὅς
1028 3292 1085 3360 τ’
1137 3302 1345 3372 αἴτιος
1390 3296 1463 3372 ὅς
1506 3318 1576 3359 τε
1619 3293 1730 3360 καὶ
1775 3295 1939 3362 οὐκί.

227 3412 322 3492 τῷ
370 3399 434 3468 σ’
486 3396 574 3467 αὖ
616 3410 746 3466 νῦν
789 3400 1063 3485 κέλομαι
1107 3399 1397 3486 μεθέμεν
1442 3403 1644 3484 χόλον
1688 3391 1834 3475 υἷος
1879 3400 2054 3484 ἑῆος·

226 3510 359 3594 ἤδη
404 3508 531 3592 γάρ
576 3530 676 3582 τις
717 3513 837 3570 τοῦ
879 3528 956 3588 γε
1001 3508 1158 3595 βίην
1200 3503 1311 3568 καὶ
1354 3513 1575 3586 χεῖρας
1619 3503 1906 3584 ἀμείνων

335 3621 541 3662 Eoum
567 3620 722 3660 Inna.
746 3617 811 3659 Π.
1880 3605 1915 3649 4
