2525 3884
320 209 448 273 120
1112 205 1415 258 ΙΛΙΑΔοΣ
1449 206 1508 258 Ρ.

313 347 698 437 ,,Ἀντίλοχ’,
754 353 817 416 εἰ
869 342 931 415 δ’
973 350 1091 433 ἄγε
1137 350 1367 432 δεῦρο,
1424 343 1794 433 διοτρεφές,
1839 345 2017 431 ὄφρα
2062 345 2348 429 πύθηαι
2463 341 2468 349 '

314 463 562 544 λυγρῆς
607 458 939 541 ἀγγελίης,
982 456 1024 540 ἢ
1072 456 1158 540 μὴ
1206 456 1459 538 ὤφελλε
1503 452 1837 538 γενέσθαι.
2228 468 2353 518 686.

313 565 440 647 ἤδη
487 561 609 648 μέν
654 579 729 629 σε
772 560 883 628 καὶ
928 561 1134 627 αὐτὸν
1179 560 1403 645 ὀίομαι
1448 561 1850 643 εἰσορόωντα

311 668 736 753 γιγνώσκειν,
782 669 883 733 ὅτι
925 676 1107 751 πῆμα
1150 667 1314 743 θεὸς
1358 670 1692 731 Δαναοῖσι
1734 666 2062 739 κυλίνδει.

311 778 464 858 νίκη
513 772 586 840 δὲ
638 775 913 860 Τρώων·
950 771 1239 858 πέφαται
1277 768 1347 836 δ’
1392 772 1671 857 ὤριστος
1707 765 1981 855 Ἀχαιῶν

314 882 729 975 Πάτροκλος,
774 879 1023 964 μεγάλη
1071 874 1146 943 δὲ
1189 878 1372 961 ποθὴ
1418 881 1752 943 Δαναοῖσι
1793 874 2106 941 τέτυκται.
2225 891 2341 941 690

314 987 479 1052 ἀλλὰ
526 987 610 1051 σύ
652 983 717 1069 γ’
763 979 904 1062 αἶψ’
938 981 1210 1069 Ἀχιλῆι,
1256 982 1442 1050 θέων
1488 980 1594 1075 ἐπὶ
1636 991 1800 1067 νῆας
1836 979 2141 1068 Ἀχαιῶν,

321 1094 558 1175 εἰπεῖν,
606 1096 683 1156 αἴ
716 1114 790 1155 κε
834 1090 1103 1176 τάχιστα
1146 1087 1351 1155 νέκυν
1397 1087 1503 1153 ἐπὶ
1546 1097 1676 1172 νῆα
1719 1089 1943 1173 σαώσῃ

314 1199 601 1282 γυμνόν·
644 1195 806 1282 ἀτάρ
851 1195 934 1262 τά
975 1219 1051 1279 γε
1094 1190 1306 1279 τεύχε’
1350 1196 1482 1279 ἔχει
1524 1197 1966 1281 κορυθαίολος
2003 1193 2335 1281 Ἕκτωρ.“

405 1298 492 1380 ὧς
536 1300 749 1388 ἔφατ’,
803 1299 1175 1387 Ἀντίλοχος
1230 1296 1305 1365 δὲ
1349 1299 1701 1383 κατέστυγε
1753 1307 1975 1384 μῦθον
2018 1301 2348 1378 ἀκούσας.

317 1410 444 1493 δὴν
490 1407 570 1474 δέ
608 1432 723 1493 μιν
768 1408 1064 1493 ἀμφασίη
1115 1405 1326 1472 ἐπέων
1372 1406 1559 1490 λάβε,
1604 1406 1695 1471 τὼ
1743 1404 1824 1472 δέ
1862 1406 1934 1471 οἰ
1971 1409 2128 1472 ὄσσε
2224 1423 2333 1474 695

319 1516 651 1600 δακρυόφι
692 1520 1025 1598 πλῆσθεν,
1072 1514 1325 1597 θαλερὴ
1375 1510 1456 1578 δέ
1494 1512 1567 1577 οἰ
1605 1515 1828 1597 ἔσχετο
1873 1516 2084 1597 φωνή.

318 1615 460 1686 ἀλλ’
504 1617 647 1685 οὐδ’
692 1614 780 1696 ὧς
823 1619 1191 1705 ΜενελάουΙ
1221 1617 1647 1702 ἐφημοσύνης
1691 1616 2042 1703 ἀμέλησεν,

317 1729 401 1810 βῆ
448 1722 524 1791 δὲ
563 1723 781 1809 θέειν,
827 1725 908 1790 τὰ
953 1721 1028 1791 δὲ
1071 1718 1280 1809 τεύχε’
1323 1723 1613 1809 ἀμύμονι
1658 1725 1869 1790 δῶκεν
1914 1723 2152 1812 ἑταίρῳ

318 1833 674 1919 Λαοδόκῳ,
720 1830 794 1908 ὃς
838 1830 911 1896 οἱ
949 1831 1188 1916 σχεδὸν
1234 1832 1509 1915 ἔστρεφε
1551 1831 1861 1916 μώνυχας
1903 1832 2162 1909 ἵππους.
2270 1878 2276 1887 -

404 1939 523 2003 τὸν
567 1934 689 2022 μὲν
734 1936 942 2022 δάκρυ
987 1935 1221 2020 χέοντα
1265 1938 1466 2014 πόδες
1512 1935 1725 2021 φέρον
1768 1936 1841 2004 ἐκ
1883 1938 2198 2023 πολέμοιο
2222 1953 2325 2005 ’100

319 2045 618 2130 Πηλεΐδῃ
656 2037 900 2127 Ἀχιλῆι
944 2043 1149 2107 κακὸν
1193 2044 1349 2119 ἔπος
1393 2041 1816 2126 ἀγγελέοντα·

321 2148 472 2215 οὔδ’
524 2152 652 2236 ἄρα
698 2153 835 2233 σοί,
881 2147 1184 2215 Μενέλαε
1231 2147 1602 2235 διοτρεφές,
1646 2150 1851 2233 ἤθελε
1893 2151 2112 2233 θυμὸς

318 2254 722 2340 τειρομένοις
767 2255 1100 2341 ἑτάροισιν
1143 2252 1506 2340 ἀμυνέμεν,
1553 2258 1755 2321 ἔνθεν
1801 2255 2098 2340 ἀπῆλθεν

315 2354 713 2447 Ἀντίλοχος,
759 2362 1005 2447 μεγάλη
1053 2357 1128 2426 δὲ
1170 2361 1353 2445 ποθὴ
1401 2364 1758 2427 Πυλίοισιν
1795 2361 2067 2447 ἐτύχθη·

209 2474 215 2486 “
321 2465 463 2535 ἀλλ’
515 2469 552 2535 ὅ
595 2491 672 2552 γε
715 2479 929 2533 τοῖσιν
974 2464 1097 2552 μὲν
1142 2469 1580 2553 Θρασυμήδεα
1628 2469 1776 2534 δῖον
1821 2467 2091 2552 ἀνῆκεν,
2223 2482 2322 2534 ’106

321 2575 519 2652 αὐτὸς
564 2571 626 2639 δ’
671 2567 814 2638 αὖτ’
856 2570 963 2639 ἐπὶ
1007 2575 1372 2662 Πατρόκλῳ
1417 2574 1587 2658 ἥρωι
1630 2576 1961 2659 βεβήκειν,

323 2689 443 2764 στῆ
491 2674 565 2744 δὲ
608 2675 767 2763 παρ’
811 2678 1167 2744 Αἰάντεσσι
1211 2677 1424 2762 θέων,
1471 2673 1668 2763 εἶθαρ
1715 2675 1790 2744 δὲ
1831 2679 2205 2765 προσηύδα·

322 2797 595 2870 ,,κεῑνον
640 2781 761 2869 μὲν
809 2785 891 2868 δὴ
936 2780 1177 2867 νηυσὶν
1222 2781 1620 2869 ἐπιπροέηκα
1665 2791 1941 2871 θοῇσιν,
2047 2832 2050 2835 -

324 2893 549 2958 ἐλθεῖν
594 2892 689 2969 εἰς
723 2887 986 2974 Ἀχιλῆα
1029 2890 1239 2965 πόδας
1282 2891 1517 2974 ταχύν·
1564 2890 1727 2957 οὐδέ
1767 2917 1882 2977 μιν
1928 2897 2064 2957 οἴω.

322 3006 450 3063 νῦν
498 2995 694 3079 ἰέναι,
741 2996 914 3081 μάλα
956 3015 1079 3080 περ
1124 2993 1579 3079 κεχολωμένον
1608 2993 1874 3081 Ἕκτορι
1918 2998 2068 3084 δίῳ·
2221 3010 2319 3062 710

325 3103 406 3169 οὐ
451 3103 579 3187 γάρ
622 3122 761 3179 πως
806 3099 890 3165 ἂν
933 3102 1185 3185 γυμνὸς
1229 3100 1359 3167 ἐὼν
1411 3102 1705 3187 Τρώεσσι
1749 3104 2039 3187 μάχοιτο.

323 3208 509 3292 ἡμεῖς
555 3205 617 3273 δ’
660 3208 858 3274 αὐτοί
893 3228 1015 3289 περ
1036 3208 1463 3293 ’φραζώμεθα
1508 3216 1702 3291 μῆτιν
1746 3207 2050 3293 ἀρίστην,

323 3309 489 3397 ἠμὲν
534 3313 710 3389 ὅπως
752 3313 870 3378 τὸν
915 3312 1154 3398 νεκρὸν
1200 3312 1596 3397 ἐρύσσομεν,
1640 3308 1762 3396 ἡδὲ
1803 3310 1914 3378 καὶ
1959 3309 2150 3378 αὐτοὶ

332 3418 581 3504 Τρώων
625 3417 692 3496 ἐξ
738 3417 977 3502 ἐνοπῆς
1018 3418 1317 3484 θάνατον
1360 3415 1472 3483 καὶ
1514 3427 1682 3502 κῆρα
1727 3418 2107 3513 φύγωμεν.“

412 3525 531 3590 τὸν
576 3521 637 3589 δ’
681 3521 966 3608 ἠμείβετ’
1010 3526 1227 3590 ἔπειτα
1272 3520 1472 3608 μέγας
1522 3523 1938 3608 Τελαμώνιος
1970 3530 2166 3602 Αἴας·
2222 3502 2346 3592 71⁶⁴
