<?xml version="1.0" encoding="UTF-8"?>
<!DOCTYPE html PUBLIC "-//W3C//DTD XHTML 1.0 Transitional//EN"
    "http://www.w3.org/TR/xhtml1/DTD/xhtml1-transitional.dtd">
<html xmlns="http://www.w3.org/1999/xhtml" xml:lang="en" lang="en">
 <head>
  <title>
</title>
<meta http-equiv="Content-Type" content="text/html;charset=utf-8" />
  <meta name='ocr-system' content='tesseract 3.04.00' />
  <meta name='ocr-capabilities' content='ocr_page ocr_carea ocr_par ocr_line ocrx_word'/>
</head>
<body>
  <div class='ocr_page' id='page_1' title='image "./homeriilias00wolfgoog_0085.png"; bbox 0 0 2525 3884; ppageno 0'>
   <div class='ocr_carea' id='block_1_1' title="bbox 1000 157 2213 222">
    <p class='ocr_par' dir='ltr' id='par_1_1' title="bbox 1000 157 2213 222">
     <span class='ocr_line' id='line_1_1' title="bbox 1000 157 2213 222; baseline 0.008 -10"><span class='ocrx_word' id='word_1_1' title='bbox 1000 162 1304 214; x_wconf 77' lang='grc' dir='ltr'><strong>ΙΔΙΔΔΟΣ</strong></span> <span class='ocrx_word' id='word_1_2' title='bbox 1337 163 1478 217; x_wconf 78' lang='lat' dir='ltr'>XVI.</span> <span class='ocrx_word' id='word_1_3' title='bbox 2129 157 2213 222; x_wconf 81' lang='grc'><strong><em>73</em></strong></span> 
     </span>
    </p>
   </div>
   <div class='ocr_carea' id='block_1_2' title="bbox 183 296 2222 1556">
    <p class='ocr_par' dir='ltr' id='par_1_2' title="bbox 185 296 2218 495">
     <span class='ocr_line' id='line_1_2' title="bbox 185 296 2218 390; baseline 0 -23"><span class='ocrx_word' id='word_1_4' title='bbox 185 296 389 387; x_wconf 75' lang='grc' dir='ltr'><strong><em>ὄφρ’</em></strong></span> <span class='ocrx_word' id='word_1_5' title='bbox 425 297 545 369; x_wconf 88' lang='grc' dir='ltr'><strong><em>οἷοι</em></strong></span> <span class='ocrx_word' id='word_1_6' title='bbox 594 306 834 390; x_wconf 78' lang='grc' dir='ltr'><strong><em>Τροίης</em></strong></span> <span class='ocrx_word' id='word_1_7' title='bbox 878 304 1022 389; x_wconf 76' lang='grc' dir='ltr'><strong><em>ίερὰ</em></strong></span> <span class='ocrx_word' id='word_1_8' title='bbox 1062 305 1397 390; x_wconf 80' lang='grc' dir='ltr'><strong><em>κρήδεμνα</em></strong></span> <span class='ocrx_word' id='word_1_9' title='bbox 1442 305 1752 389; x_wconf 90' lang='grc' dir='ltr'><strong><em>λύωμεν.]</em></strong></span> <span class='ocrx_word' id='word_1_10' title='bbox 2115 318 2218 368; x_wconf 86' lang='grc'><strong><em>100</em></strong></span> 
     </span>
     <span class='ocr_line' id='line_1_3' title="bbox 312 402 1958 495; baseline 0.001 -23"><span class='ocrx_word' id='word_1_11' title='bbox 312 402 406 485; x_wconf 76' lang='grc' dir='ltr'><strong><em>ὧς</em></strong></span> <span class='ocrx_word' id='word_1_12' title='bbox 445 410 511 474; x_wconf 78' lang='grc' dir='ltr'><strong><em>οἱ</em></strong></span> <span class='ocrx_word' id='word_1_13' title='bbox 544 407 663 495; x_wconf 78' lang='grc' dir='ltr'><strong><em>μὲν</em></strong></span> <span class='ocrx_word' id='word_1_14' title='bbox 707 418 980 476; x_wconf 86' lang='grc' dir='ltr'><strong><em>τοιαῦτα</em></strong></span> <span class='ocrx_word' id='word_1_15' title='bbox 1023 411 1189 495; x_wconf 86' lang='grc' dir='ltr'><strong><em>πρὸς</em></strong></span> <span class='ocrx_word' id='word_1_16' title='bbox 1231 409 1558 493; x_wconf 76' lang='grc' dir='ltr'><strong><em>ἀλλήλους</em></strong></span> <span class='ocrx_word' id='word_1_17' title='bbox 1601 409 1958 494; x_wconf 74' lang='grc' dir='ltr'><em>ἀγόρευον,</em></span> 
     </span>
    </p>

    <p class='ocr_par' dir='ltr' id='par_1_3' title="bbox 183 512 1923 600">
     <span class='ocr_line' id='line_1_4' title="bbox 183 512 1923 600; baseline 0.001 -20"><span class='ocrx_word' id='word_1_18' title='bbox 183 520 394 591; x_wconf 80' lang='grc' dir='ltr'><strong><em>Αἴας</em></strong></span> <span class='ocrx_word' id='word_1_19' title='bbox 432 513 491 580; x_wconf 90' lang='grc' dir='ltr'><strong><em>δ’</em></strong></span> <span class='ocrx_word' id='word_1_20' title='bbox 529 512 742 581; x_wconf 86' lang='grc' dir='ltr'><strong><em>οὐκέτ’</em></strong></span> <span class='ocrx_word' id='word_1_21' title='bbox 785 517 1041 600; x_wconf 82' lang='grc' dir='ltr'><em>ἔμιμνε·</em></span> <span class='ocrx_word' id='word_1_22' title='bbox 1086 515 1341 598; x_wconf 76' lang='grc' dir='ltr'><em>βιάζετο</em></span> <span class='ocrx_word' id='word_1_23' title='bbox 1385 516 1514 599; x_wconf 76' lang='grc' dir='ltr'><strong><em>γὰρ</em></strong></span> <span class='ocrx_word' id='word_1_24' title='bbox 1558 513 1923 598; x_wconf 78' lang='grc' dir='ltr'><strong><em>βελέεσσιν·</em></strong></span> 
     </span>
    </p>

    <p class='ocr_par' dir='ltr' id='par_1_4' title="bbox 191 619 1874 706">
     <span class='ocr_line' id='line_1_5' title="bbox 191 619 1874 706; baseline 0.001 -21"><span class='ocrx_word' id='word_1_25' title='bbox 191 621 433 704; x_wconf 75' lang='grc' dir='ltr'><strong><em>δάμνα</em></strong></span> <span class='ocrx_word' id='word_1_26' title='bbox 474 646 589 706; x_wconf 89' lang='grc' dir='ltr'><strong><em>μιν</em></strong></span> <span class='ocrx_word' id='word_1_27' title='bbox 636 623 856 704; x_wconf 87' lang='grc' dir='ltr'><strong><em>Ζηνός</em></strong></span> <span class='ocrx_word' id='word_1_28' title='bbox 894 643 969 687; x_wconf 88' lang='grc' dir='ltr'><strong><em>τε</em></strong></span> <span class='ocrx_word' id='word_1_29' title='bbox 1010 622 1168 698; x_wconf 87' lang='grc' dir='ltr'><strong><em>νόος</em></strong></span> <span class='ocrx_word' id='word_1_30' title='bbox 1207 619 1321 686; x_wconf 86' lang='grc' dir='ltr'><strong><em>καὶ</em></strong></span> <span class='ocrx_word' id='word_1_31' title='bbox 1372 625 1593 706; x_wconf 84' lang='grc' dir='ltr'><strong><em>Τρῶες</em></strong></span> <span class='ocrx_word' id='word_1_32' title='bbox 1635 619 1874 704; x_wconf 81' lang='grc' dir='ltr'><strong><em>ἀγαυοὶ</em></strong></span> 
     </span>
    </p>

    <p class='ocr_par' dir='ltr' id='par_1_5' title="bbox 193 722 1899 814">
     <span class='ocr_line' id='line_1_6' title="bbox 193 722 1899 814; baseline 0 -23"><span class='ocrx_word' id='word_1_33' title='bbox 193 727 590 811; x_wconf 75' lang='grc' dir='ltr'><strong><em>βάλλοντες·</em></strong></span> <span class='ocrx_word' id='word_1_34' title='bbox 637 727 867 811; x_wconf 82' lang='grc' dir='ltr'><strong><em>δεινὴν</em></strong></span> <span class='ocrx_word' id='word_1_35' title='bbox 909 722 984 793; x_wconf 73' lang='grc' dir='ltr'><strong><em>δὲ</em></strong></span> <span class='ocrx_word' id='word_1_36' title='bbox 1025 724 1177 812; x_wconf 87' lang='grc' dir='ltr'><strong><em>περὶ</em></strong></span> <span class='ocrx_word' id='word_1_37' title='bbox 1221 728 1615 814; x_wconf 79' lang='grc' dir='ltr'><em>κροτάφοισι</em></span> <span class='ocrx_word' id='word_1_38' title='bbox 1660 727 1899 811; x_wconf 81' lang='grc' dir='ltr'><strong><em>φαεινὴ</em></strong></span> 
     </span>
    </p>

    <p class='ocr_par' dir='ltr' id='par_1_6' title="bbox 193 830 2217 919">
     <span class='ocr_line' id='line_1_7' title="bbox 193 830 2217 919; baseline 0 -21"><span class='ocrx_word' id='word_1_39' title='bbox 193 834 419 917; x_wconf 77' lang='grc' dir='ltr'><strong><em>πήληξ</em></strong></span> <span class='ocrx_word' id='word_1_40' title='bbox 462 832 837 918; x_wconf 78' lang='grc' dir='ltr'><strong><em>βαλλομένη</em></strong></span> <span class='ocrx_word' id='word_1_41' title='bbox 880 833 1178 918; x_wconf 79' lang='grc' dir='ltr'><strong><em>καναχὴν</em></strong></span> <span class='ocrx_word' id='word_1_42' title='bbox 1222 835 1359 919; x_wconf 83' lang='grc' dir='ltr'><strong><em>ἔχε,</em></strong></span> <span class='ocrx_word' id='word_1_43' title='bbox 1404 833 1679 916; x_wconf 90' lang='grc' dir='ltr'><strong><em>βάλλετο</em></strong></span> <span class='ocrx_word' id='word_1_44' title='bbox 1726 830 1791 898; x_wconf 88' lang='grc' dir='ltr'><strong><em>δ’</em></strong></span> <span class='ocrx_word' id='word_1_45' title='bbox 1832 832 1962 899; x_wconf 76' lang='grc' dir='ltr'><strong><em>αἰεὶ</em></strong></span> <span class='ocrx_word' id='word_1_46' title='bbox 2121 849 2217 898; x_wconf 73' lang='grc'><strong><em>105</em></strong></span> 
     </span>
    </p>

    <p class='ocr_par' dir='ltr' id='par_1_7' title="bbox 194 933 2219 1025">
     <span class='ocr_line' id='line_1_8' title="bbox 194 933 2219 1025; baseline -0.002 -19"><span class='ocrx_word' id='word_1_47' title='bbox 194 941 347 1006; x_wconf 81' lang='grc' dir='ltr'><strong><em>κὰπ</em></strong></span> <span class='ocrx_word' id='word_1_48' title='bbox 395 937 641 1025; x_wconf 91' lang='grc' dir='ltr'><strong><em>φάλαρ’</em></strong></span> <span class='ocrx_word' id='word_1_49' title='bbox 687 935 994 1023; x_wconf 77' lang='grc' dir='ltr'><strong><em>εὐποίηθ’</em></strong></span> <span class='ocrx_word' id='word_1_50' title='bbox 1014 959 1030 975; x_wconf 92' lang='grc'><strong><em>·</em></strong></span> <span class='ocrx_word' id='word_1_51' title='bbox 1083 939 1121 1005; x_wconf 84' lang='grc' dir='ltr'>ὁ</span> <span class='ocrx_word' id='word_1_52' title='bbox 1158 934 1225 1003; x_wconf 88' lang='grc' dir='ltr'><strong><em>δ’</em></strong></span> <span class='ocrx_word' id='word_1_53' title='bbox 1269 938 1618 1025; x_wconf 81' lang='grc' dir='ltr'><strong><em>ἀριστερὸν</em></strong></span> <span class='ocrx_word' id='word_1_54' title='bbox 1675 933 1861 1024; x_wconf 81' lang='grc' dir='ltr'><strong><em>ὦμον</em></strong></span> <span class='ocrx_word' id='word_1_55' title='bbox 1907 941 2219 1023; x_wconf 79' lang='grc' dir='ltr'><strong><em>ἔκαμνεν,</em></strong></span> 
     </span>
    </p>

    <p class='ocr_par' dir='ltr' id='par_1_8' title="bbox 198 1041 1997 1132">
     <span class='ocr_line' id='line_1_9' title="bbox 198 1041 1997 1132; baseline 0 -21"><span class='ocrx_word' id='word_1_56' title='bbox 198 1047 496 1132; x_wconf 81' lang='grc' dir='ltr'><strong><em>ἔμπεδον</em></strong></span> <span class='ocrx_word' id='word_1_57' title='bbox 547 1041 694 1110; x_wconf 75' lang='grc' dir='ltr'><strong><em>αἰὲν</em></strong></span> <span class='ocrx_word' id='word_1_58' title='bbox 737 1047 907 1129; x_wconf 79' lang='grc' dir='ltr'><strong><em>ἔχων</em></strong></span> <span class='ocrx_word' id='word_1_59' title='bbox 948 1043 1153 1122; x_wconf 89' lang='grc' dir='ltr'><strong><em>σάκος</em></strong></span> <span class='ocrx_word' id='word_1_60' title='bbox 1194 1046 1455 1128; x_wconf 80' lang='grc' dir='ltr'><strong><em>αἰόλον,</em></strong></span> <span class='ocrx_word' id='word_1_61' title='bbox 1504 1041 1665 1112; x_wconf 71' lang='grc' dir='ltr'><strong><em>οὐδὲ</em></strong></span> <span class='ocrx_word' id='word_1_62' title='bbox 1710 1047 1997 1111; x_wconf 79' lang='grc' dir='ltr'><strong><em>δύναντο</em></strong></span> 
     </span>
    </p>

    <p class='ocr_par' dir='ltr' id='par_1_9' title="bbox 200 1149 1784 1239">
     <span class='ocr_line' id='line_1_10' title="bbox 200 1149 1784 1239; baseline 0 -22"><span class='ocrx_word' id='word_1_63' title='bbox 200 1150 376 1236; x_wconf 80' lang='grc' dir='ltr'><strong><em>ἀμφ’</em></strong></span> <span class='ocrx_word' id='word_1_64' title='bbox 418 1151 596 1239; x_wconf 77' lang='grc' dir='ltr'><strong><em>αὐτῷ</em></strong></span> <span class='ocrx_word' id='word_1_65' title='bbox 641 1151 975 1235; x_wconf 75' lang='grc' dir='ltr'><strong><em>πελεμίξαι</em></strong></span> <span class='ocrx_word' id='word_1_66' title='bbox 1020 1150 1386 1236; x_wconf 80' lang='grc' dir='ltr'><strong><em>ἐρείδοντες</em></strong></span> <span class='ocrx_word' id='word_1_67' title='bbox 1429 1149 1784 1234; x_wconf 80' lang='grc' dir='ltr'><strong><em>βελέεσσιν.</em></strong></span> 
     </span>
    </p>

    <p class='ocr_par' dir='ltr' id='par_1_10' title="bbox 203 1251 2013 1344">
     <span class='ocr_line' id='line_1_11' title="bbox 203 1251 2013 1344; baseline 0 -22"><span class='ocrx_word' id='word_1_68' title='bbox 203 1256 345 1323; x_wconf 82' lang='grc' dir='ltr'><strong><em>αἰεὶ</em></strong></span> <span class='ocrx_word' id='word_1_69' title='bbox 389 1251 448 1321; x_wconf 86' lang='grc' dir='ltr'><strong><em>δ’</em></strong></span> <span class='ocrx_word' id='word_1_70' title='bbox 491 1255 790 1344; x_wconf 75' lang='grc' dir='ltr'><strong><em>ἀργαλέῳ</em></strong></span> <span class='ocrx_word' id='word_1_71' title='bbox 836 1254 1000 1341; x_wconf 79' lang='grc' dir='ltr'><strong><em>ἔχετ’</em></strong></span> <span class='ocrx_word' id='word_1_72' title='bbox 1041 1258 1366 1341; x_wconf 74' lang='grc' dir='ltr'><strong><em>ἄσθματι,</em></strong></span> <span class='ocrx_word' id='word_1_73' title='bbox 1408 1257 1538 1322; x_wconf 78' lang='grc' dir='ltr'><strong><em>κὰδ</em></strong></span> <span class='ocrx_word' id='word_1_74' title='bbox 1582 1255 1661 1322; x_wconf 87' lang='grc' dir='ltr'><strong><em>δέ</em></strong></span> <span class='ocrx_word' id='word_1_75' title='bbox 1702 1258 1772 1322; x_wconf 79' lang='grc' dir='ltr'><strong><em>οἰ</em></strong></span> <span class='ocrx_word' id='word_1_76' title='bbox 1814 1257 2013 1343; x_wconf 78' lang='grc' dir='ltr'><strong><em>ἱδρὼς</em></strong></span> 
     </span>
    </p>

    <p class='ocr_par' dir='ltr' id='par_1_11' title="bbox 203 1357 2222 1448">
     <span class='ocr_line' id='line_1_12' title="bbox 203 1357 2222 1448; baseline -0 -20"><span class='ocrx_word' id='word_1_77' title='bbox 203 1363 549 1429; x_wconf 78' lang='grc' dir='ltr'><strong><em>πάντοθεν</em></strong></span> <span class='ocrx_word' id='word_1_78' title='bbox 592 1361 667 1428; x_wconf 80' lang='grc' dir='ltr'><strong><em>ἐκ</em></strong></span> <span class='ocrx_word' id='word_1_79' title='bbox 709 1360 960 1448; x_wconf 87' lang='grc' dir='ltr'><strong><em>μελέων</em></strong></span> <span class='ocrx_word' id='word_1_80' title='bbox 1002 1364 1210 1440; x_wconf 86' lang='grc' dir='ltr'><strong><em>πολὺς</em></strong></span> <span class='ocrx_word' id='word_1_81' title='bbox 1252 1364 1513 1448; x_wconf 77' lang='grc' dir='ltr'><strong><em>ἔρρεεν,</em></strong></span> <span class='ocrx_word' id='word_1_82' title='bbox 1559 1360 1723 1428; x_wconf 87' lang='grc' dir='ltr'><strong><em>οὐδέ</em></strong></span> <span class='ocrx_word' id='word_1_83' title='bbox 1762 1383 1852 1448; x_wconf 77' lang='grc' dir='ltr'><strong><em>πῃ</em></strong></span> <span class='ocrx_word' id='word_1_84' title='bbox 1899 1357 2073 1447; x_wconf 85' lang='grc' dir='ltr'><strong><em>εἶχεν</em></strong></span> <span class='ocrx_word' id='word_1_85' title='bbox 2117 1378 2222 1428; x_wconf 86' lang='grc'><strong><em>110</em></strong></span> 
     </span>
    </p>

    <p class='ocr_par' dir='ltr' id='par_1_12' title="bbox 208 1466 1863 1556">
     <span class='ocr_line' id='line_1_13' title="bbox 208 1466 1863 1556; baseline -0.002 -21"><span class='ocrx_word' id='word_1_86' title='bbox 208 1471 606 1554; x_wconf 75' lang='grc' dir='ltr'><strong><em>ἀμπνεῦσαι·</em></strong></span> <span class='ocrx_word' id='word_1_87' title='bbox 651 1468 866 1553; x_wconf 78' lang='grc' dir='ltr'><strong><em>πάντῃ</em></strong></span> <span class='ocrx_word' id='word_1_88' title='bbox 914 1466 987 1535; x_wconf 74' lang='grc' dir='ltr'><strong><em>δὲ</em></strong></span> <span class='ocrx_word' id='word_1_89' title='bbox 1030 1469 1236 1534; x_wconf 87' lang='grc' dir='ltr'><strong><em>κακὸν</em></strong></span> <span class='ocrx_word' id='word_1_90' title='bbox 1278 1476 1456 1556; x_wconf 75' lang='grc' dir='ltr'><strong><em>κακῷ</em></strong></span> <span class='ocrx_word' id='word_1_91' title='bbox 1503 1467 1863 1554; x_wconf 80' lang='grc' dir='ltr'><strong><em>ἐστήρικτο.</em></strong></span> 
     </span>
    </p>
   </div>
   <div class='ocr_carea' id='block_1_3' title="bbox 302 1569 2163 1660">
    <p class='ocr_par' dir='ltr' id='par_1_13' title="bbox 302 1569 2163 1660">
     <span class='ocr_line' id='line_1_14' title="bbox 302 1569 2163 1660; baseline -0.001 -20"><span class='ocrx_word' id='word_1_92' title='bbox 302 1578 527 1641; x_wconf 81' lang='grc' dir='ltr'><strong><em>ἔσπετε</em></strong></span> <span class='ocrx_word' id='word_1_93' title='bbox 569 1582 700 1640; x_wconf 92' lang='grc' dir='ltr'><strong><em>νῦν</em></strong></span> <span class='ocrx_word' id='word_1_94' title='bbox 742 1598 885 1658; x_wconf 91' lang='grc' dir='ltr'><strong><em>μοι,</em></strong></span> <span class='ocrx_word' id='word_1_95' title='bbox 930 1583 1174 1659; x_wconf 85' lang='grc' dir='ltr'><strong><em>μοῦσαι</em></strong></span> <span class='ocrx_word' id='word_1_96' title='bbox 1213 1569 1529 1660; x_wconf 89' lang='grc' dir='ltr'><strong><em>Ὀλύμπια</em></strong></span> <span class='ocrx_word' id='word_1_97' title='bbox 1574 1571 1820 1660; x_wconf 81' lang='grc' dir='ltr'><strong><em>δώματ’</em></strong></span> <span class='ocrx_word' id='word_1_98' title='bbox 1865 1576 2163 1659; x_wconf 81' lang='grc' dir='ltr'><strong><em>ἔχουσαι,</em></strong></span> 
     </span>
    </p>
   </div>
   <div class='ocr_carea' id='block_1_4' title="bbox 32 1675 2158 1766">
    <p class='ocr_par' dir='ltr' id='par_1_14' title="bbox 32 1675 2158 1766">
     <span class='ocr_line' id='line_1_15' title="bbox 32 1675 2158 1766; baseline -0.001 -19"><span class='ocrx_word' id='word_1_99' title='bbox 32 1746 45 1757; x_wconf 60' lang='lat'><em>„</em></span> <span class='ocrx_word' id='word_1_100' title='bbox 82 1720 90 1725; x_wconf 82' lang='grc'><strong>-</strong></span> <span class='ocrx_word' id='word_1_101' title='bbox 212 1682 437 1763; x_wconf 76' lang='grc' dir='ltr'><strong><em>ὅππως</em></strong></span> <span class='ocrx_word' id='word_1_102' title='bbox 482 1680 566 1764; x_wconf 82' lang='grc' dir='ltr'><strong><em>δὴ</em></strong></span> <span class='ocrx_word' id='word_1_103' title='bbox 611 1691 876 1765; x_wconf 84' lang='grc' dir='ltr'><strong><em>πρῶτον</em></strong></span> <span class='ocrx_word' id='word_1_104' title='bbox 919 1687 1056 1766; x_wconf 86' lang='grc' dir='ltr'><strong><em>πῦρ</em></strong></span> <span class='ocrx_word' id='word_1_105' title='bbox 1100 1683 1338 1764; x_wconf 83' lang='grc' dir='ltr'><strong><em>ἔμπεσε</em></strong></span> <span class='ocrx_word' id='word_1_106' title='bbox 1381 1678 1626 1764; x_wconf 84' lang='grc' dir='ltr'><strong><em>νηυσὶν</em></strong></span> <span class='ocrx_word' id='word_1_107' title='bbox 1664 1675 1957 1765; x_wconf 79' lang='grc' dir='ltr'><strong><em>Ἀχαιῶν.</em></strong></span> <span class='ocrx_word' id='word_1_108' title='bbox 2127 1680 2158 1715; x_wconf 76' lang='lat'><em>⁶</em></span> 
     </span>
    </p>
   </div>
   <div class='ocr_carea' id='block_1_5' title="bbox 86 1780 2226 3564">
    <p class='ocr_par' dir='ltr' id='par_1_15' title="bbox 86 1780 2225 2826">
     <span class='ocr_line' id='line_1_16' title="bbox 94 1780 1978 1874; baseline 0 -21"><span class='ocrx_word' id='word_1_109' title='bbox 94 1858 101 1863; x_wconf 60' lang='grc'><strong><em>,</em></strong></span> <span class='ocrx_word' id='word_1_110' title='bbox 192 1786 452 1874; x_wconf 74' lang='grc' dir='ltr'><strong><em>’Ὲκτωρ</em></strong></span> <span class='ocrx_word' id='word_1_111' title='bbox 497 1792 785 1863; x_wconf 78' lang='grc' dir='ltr'><strong><em>Αἴαντος</em></strong></span> <span class='ocrx_word' id='word_1_112' title='bbox 827 1787 997 1871; x_wconf 88' lang='grc' dir='ltr'><strong><em>δόρυ</em></strong></span> <span class='ocrx_word' id='word_1_113' title='bbox 1042 1789 1342 1871; x_wconf 84' lang='grc' dir='ltr'><strong><em>μείλινον</em></strong></span> <span class='ocrx_word' id='word_1_114' title='bbox 1386 1788 1537 1872; x_wconf 77' lang='grc' dir='ltr'><strong><em>ἄγχι</em></strong></span> <span class='ocrx_word' id='word_1_115' title='bbox 1580 1788 1916 1872; x_wconf 78' lang='grc' dir='ltr'><strong><em>παραστὰς</em></strong></span> <span class='ocrx_word' id='word_1_116' title='bbox 1973 1780 1978 1785; x_wconf 56' lang='grc'><strong><em>’</em></strong></span> 
     </span>
     <span class='ocr_line' id='line_1_17' title="bbox 86 1886 2222 1980; baseline -0.001 -21"><span class='ocrx_word' id='word_1_117' title='bbox 86 1940 95 1949; x_wconf 62' lang='grc'><strong><em>.</em></strong></span> <span class='ocrx_word' id='word_1_118' title='bbox 210 1886 401 1977; x_wconf 83' lang='grc' dir='ltr'><strong><em>πλῆξ’</em></strong></span> <span class='ocrx_word' id='word_1_119' title='bbox 441 1893 594 1978; x_wconf 75' lang='grc' dir='ltr'><strong><em>ἄορι</em></strong></span> <span class='ocrx_word' id='word_1_120' title='bbox 638 1892 931 1980; x_wconf 76' lang='grc' dir='ltr'><strong><em>μεγάλω,</em></strong></span> <span class='ocrx_word' id='word_1_121' title='bbox 976 1893 1212 1977; x_wconf 86' lang='grc' dir='ltr'><strong><em>αἰχμῆς</em></strong></span> <span class='ocrx_word' id='word_1_122' title='bbox 1254 1894 1432 1978; x_wconf 79' lang='grc' dir='ltr'><strong><em>παρὰ</em></strong></span> <span class='ocrx_word' id='word_1_123' title='bbox 1474 1894 1723 1959; x_wconf 89' lang='grc' dir='ltr'><strong><em>καυλὸν</em></strong></span> <span class='ocrx_word' id='word_1_124' title='bbox 1769 1894 2082 1974; x_wconf 80' lang='grc' dir='ltr'><strong><em>ὄπισθεν,</em></strong></span> <span class='ocrx_word' id='word_1_125' title='bbox 2120 1907 2222 1957; x_wconf 74' lang='grc'><strong><em>116</em></strong></span> 
     </span>
     <span class='ocr_line' id='line_1_18' title="bbox 116 1991 1960 2083; baseline -0.002 -18"><span class='ocrx_word' id='word_1_126' title='bbox 116 2024 151 2083; x_wconf 54' lang='lat' dir='ltr'><em>j</em></span> <span class='ocrx_word' id='word_1_127' title='bbox 212 2001 529 2083; x_wconf 82' lang='grc' dir='ltr'><strong><em>ἀντικρὺς</em></strong></span> <span class='ocrx_word' id='word_1_128' title='bbox 572 1991 635 2064; x_wconf 86' lang='grc' dir='ltr'><strong><em>δ’</em></strong></span> <span class='ocrx_word' id='word_1_129' title='bbox 675 1995 989 2082; x_wconf 76' lang='grc' dir='ltr'><strong><em>ἀπάραξε·</em></strong></span> <span class='ocrx_word' id='word_1_130' title='bbox 1032 1999 1109 2063; x_wconf 88' lang='grc' dir='ltr'><strong><em>τὸ</em></strong></span> <span class='ocrx_word' id='word_1_131' title='bbox 1154 1994 1277 2083; x_wconf 75' lang='grc' dir='ltr'><strong><em>μὲν</em></strong></span> <span class='ocrx_word' id='word_1_132' title='bbox 1330 1998 1746 2082; x_wconf 81' lang='grc' dir='ltr'><strong><em>Τελαμώνιος</em></strong></span> <span class='ocrx_word' id='word_1_133' title='bbox 1790 2004 1960 2075; x_wconf 77' lang='grc' dir='ltr'><strong><em>Αἴας</em></strong></span> 
     </span>
     <span class='ocr_line' id='line_1_19' title="bbox 211 2100 2164 2189; baseline -0.001 -19.089"><span class='ocrx_word' id='word_1_134' title='bbox 211 2100 367 2188; x_wconf 87' lang='grc' dir='ltr'><strong><em>πῆλ’</em></strong></span> <span class='ocrx_word' id='word_1_135' title='bbox 409 2104 625 2182; x_wconf 80' lang='grc' dir='ltr'><strong><em>αὔτως</em></strong></span> <span class='ocrx_word' id='word_1_136' title='bbox 669 2104 743 2170; x_wconf 82' lang='grc' dir='ltr'><strong><em>έν</em></strong></span> <span class='ocrx_word' id='word_1_137' title='bbox 785 2102 958 2189; x_wconf 79' lang='grc' dir='ltr'><strong><em>χειρὶ</em></strong></span> <span class='ocrx_word' id='word_1_138' title='bbox 1000 2106 1203 2169; x_wconf 88' lang='grc' dir='ltr'><strong><em>κόλον</em></strong></span> <span class='ocrx_word' id='word_1_139' title='bbox 1249 2104 1449 2189; x_wconf 88' lang='grc' dir='ltr'><strong><em>δόρυ,</em></strong></span> <span class='ocrx_word' id='word_1_140' title='bbox 1493 2108 1647 2187; x_wconf 89' lang='grc' dir='ltr'><strong><em>τῆλε</em></strong></span> <span class='ocrx_word' id='word_1_141' title='bbox 1692 2100 1756 2168; x_wconf 88' lang='grc' dir='ltr'><strong><em>δ’</em></strong></span> <span class='ocrx_word' id='word_1_142' title='bbox 1799 2100 1908 2168; x_wconf 81' lang='grc' dir='ltr'><strong><em>ἀπ’</em></strong></span> <span class='ocrx_word' id='word_1_143' title='bbox 1954 2103 2164 2169; x_wconf 88' lang='grc' dir='ltr'><strong><em>αὐτοῦ</em></strong></span> 
     </span>
     <span class='ocr_line' id='line_1_20' title="bbox 214 2206 1744 2296; baseline -0.001 -20"><span class='ocrx_word' id='word_1_144' title='bbox 214 2206 417 2296; x_wconf 80' lang='grc' dir='ltr'><strong><em>αἲχμὴ</em></strong></span> <span class='ocrx_word' id='word_1_145' title='bbox 462 2213 728 2295; x_wconf 81' lang='grc' dir='ltr'><strong><em>χαλκείη</em></strong></span> <span class='ocrx_word' id='word_1_146' title='bbox 773 2210 1052 2296; x_wconf 86' lang='grc' dir='ltr'><strong><em>χαμάδις</em></strong></span> <span class='ocrx_word' id='word_1_147' title='bbox 1082 2212 1389 2294; x_wconf 68' lang='grc' dir='ltr'><strong><em>’βόμβησε</em></strong></span> <span class='ocrx_word' id='word_1_148' title='bbox 1432 2218 1744 2275; x_wconf 85' lang='grc' dir='ltr'><strong><em>πεσοῦσα.</em></strong></span> 
     </span>
     <span class='ocr_line' id='line_1_21' title="bbox 196 2313 1999 2401; baseline -0.001 -19"><span class='ocrx_word' id='word_1_149' title='bbox 196 2328 355 2401; x_wconf 69' lang='grc' dir='ltr'><strong><em>’γνῶ</em></strong></span> <span class='ocrx_word' id='word_1_150' title='bbox 404 2313 465 2380; x_wconf 89' lang='grc' dir='ltr'><strong><em>δ’</em></strong></span> <span class='ocrx_word' id='word_1_151' title='bbox 510 2320 679 2393; x_wconf 77' lang='grc' dir='ltr'><strong><em>Αἴας</em></strong></span> <span class='ocrx_word' id='word_1_152' title='bbox 721 2316 885 2381; x_wconf 77' lang='grc' dir='ltr'><strong><em>κατὰ</em></strong></span> <span class='ocrx_word' id='word_1_153' title='bbox 928 2316 1155 2399; x_wconf 87' lang='grc' dir='ltr'><strong><em>θυμὸν</em></strong></span> <span class='ocrx_word' id='word_1_154' title='bbox 1201 2315 1540 2400; x_wconf 82' lang='grc' dir='ltr'><strong><em>ἀμύμονα,</em></strong></span> <span class='ocrx_word' id='word_1_155' title='bbox 1586 2313 1857 2400; x_wconf 78' lang='grc' dir='ltr'><strong><em>ῥίγησέν</em></strong></span> <span class='ocrx_word' id='word_1_156' title='bbox 1900 2339 1999 2399; x_wconf 86' lang='grc' dir='ltr'><strong><em>τε,</em></strong></span> 
     </span>
     <span class='ocr_line' id='line_1_22' title="bbox 217 2419 2225 2509; baseline -0 -20"><span class='ocrx_word' id='word_1_157' title='bbox 217 2427 380 2508; x_wconf 79' lang='grc' dir='ltr'><strong><em>ἔργα</em></strong></span> <span class='ocrx_word' id='word_1_158' title='bbox 422 2427 637 2505; x_wconf 82' lang='grc' dir='ltr'><strong><em>θεῶν,</em></strong></span> <span class='ocrx_word' id='word_1_159' title='bbox 684 2422 720 2486; x_wconf 80' lang='grc' dir='ltr'>ὅ</span> <span class='ocrx_word' id='word_1_160' title='bbox 765 2420 850 2506; x_wconf 76' lang='grc' dir='ltr'><strong><em>ῥα</em></strong></span> <span class='ocrx_word' id='word_1_161' title='bbox 892 2422 1110 2507; x_wconf 88' lang='grc' dir='ltr'><strong><em>πάγχυ</em></strong></span> <span class='ocrx_word' id='word_1_162' title='bbox 1160 2422 1369 2506; x_wconf 89' lang='grc' dir='ltr'><strong><em>μάχης</em></strong></span> <span class='ocrx_word' id='word_1_163' title='bbox 1412 2419 1518 2487; x_wconf 80' lang='grc' dir='ltr'><strong><em>ἐπὶ</em></strong></span> <span class='ocrx_word' id='word_1_164' title='bbox 1563 2423 1770 2506; x_wconf 87' lang='grc' dir='ltr'><strong><em>μήδεα</em></strong></span> <span class='ocrx_word' id='word_1_165' title='bbox 1813 2434 2029 2509; x_wconf 82' lang='grc' dir='ltr'><strong><em>κεῖρεν</em></strong></span> <span class='ocrx_word' id='word_1_166' title='bbox 2123 2437 2225 2488; x_wconf 75' lang='grc'><strong><em>120</em></strong></span> 
     </span>
     <span class='ocr_line' id='line_1_23' title="bbox 220 2523 2118 2613; baseline 0 -19"><span class='ocrx_word' id='word_1_167' title='bbox 220 2531 390 2605; x_wconf 86' lang='grc' dir='ltr'><strong><em>Ζεὺς</em></strong></span> <span class='ocrx_word' id='word_1_168' title='bbox 430 2526 900 2613; x_wconf 75' lang='grc' dir='ltr'><strong><em>ὑψιβρεμέτης,</em></strong></span> <span class='ocrx_word' id='word_1_169' title='bbox 952 2528 1249 2613; x_wconf 79' lang='grc' dir='ltr'><strong><em>Τρώεσσι</em></strong></span> <span class='ocrx_word' id='word_1_170' title='bbox 1295 2523 1370 2594; x_wconf 73' lang='grc' dir='ltr'><strong><em>δὲ</em></strong></span> <span class='ocrx_word' id='word_1_171' title='bbox 1413 2530 1689 2611; x_wconf 88' lang='grc' dir='ltr'><strong><em>βούλετο</em></strong></span> <span class='ocrx_word' id='word_1_172' title='bbox 1732 2531 1950 2613; x_wconf 90' lang='grc' dir='ltr'><strong><em>νίκην·</em></strong></span> <span class='ocrx_word' id='word_1_173' title='bbox 2104 2540 2118 2553; x_wconf 88' lang='grc'><em>·</em></span> 
     </span>
     <span class='ocr_line' id='line_1_24' title="bbox 220 2630 2165 2721; baseline -0.001 -21"><span class='ocrx_word' id='word_1_174' title='bbox 220 2635 442 2721; x_wconf 81' lang='grc' dir='ltr'><strong><em>χάζετο</em></strong></span> <span class='ocrx_word' id='word_1_175' title='bbox 490 2631 551 2698; x_wconf 89' lang='grc' dir='ltr'><strong><em>δ’</em></strong></span> <span class='ocrx_word' id='word_1_176' title='bbox 595 2633 667 2699; x_wconf 78' lang='grc' dir='ltr'><strong><em>ἐκ</em></strong></span> <span class='ocrx_word' id='word_1_177' title='bbox 710 2630 974 2717; x_wconf 84' lang='grc' dir='ltr'><strong><em>βελέων.</em></strong></span> <span class='ocrx_word' id='word_1_178' title='bbox 1064 2630 1170 2699; x_wconf 81' lang='grc' dir='ltr'><strong><em>τοὶ</em></strong></span> <span class='ocrx_word' id='word_1_179' title='bbox 1214 2630 1277 2698; x_wconf 90' lang='grc' dir='ltr'><strong><em>δ’</em></strong></span> <span class='ocrx_word' id='word_1_180' title='bbox 1321 2637 1610 2719; x_wconf 79' lang='grc' dir='ltr'><strong><em>ἔμβαλον</em></strong></span> <span class='ocrx_word' id='word_1_181' title='bbox 1656 2633 1988 2720; x_wconf 78' lang='grc' dir='ltr'><strong><em>ἀκάματον</em></strong></span> <span class='ocrx_word' id='word_1_182' title='bbox 2031 2643 2165 2720; x_wconf 90' lang='grc' dir='ltr'><strong><em>πῦρ</em></strong></span> 
     </span>
     <span class='ocr_line' id='line_1_25' title="bbox 219 2735 2034 2826; baseline -0.001 -19"><span class='ocrx_word' id='word_1_183' title='bbox 219 2739 333 2824; x_wconf 84' lang='grc' dir='ltr'><strong><em>νηὶ</em></strong></span> <span class='ocrx_word' id='word_1_184' title='bbox 377 2748 539 2825; x_wconf 77' lang='grc' dir='ltr'><strong><em>θοῇ·</em></strong></span> <span class='ocrx_word' id='word_1_185' title='bbox 583 2748 700 2822; x_wconf 87' lang='grc' dir='ltr'><strong><em>τῆς</em></strong></span> <span class='ocrx_word' id='word_1_186' title='bbox 745 2737 806 2805; x_wconf 89' lang='grc' dir='ltr'><strong><em>δ’</em></strong></span> <span class='ocrx_word' id='word_1_187' title='bbox 852 2735 1015 2819; x_wconf 80' lang='grc' dir='ltr'><strong><em>αἶψα</em></strong></span> <span class='ocrx_word' id='word_1_188' title='bbox 1058 2738 1198 2805; x_wconf 87' lang='grc' dir='ltr'><strong><em>κατ’</em></strong></span> <span class='ocrx_word' id='word_1_189' title='bbox 1243 2740 1527 2825; x_wconf 83' lang='grc' dir='ltr'><strong><em>ἀσβέστη</em></strong></span> <span class='ocrx_word' id='word_1_190' title='bbox 1572 2740 1805 2826; x_wconf 89' lang='grc' dir='ltr'><strong><em>κέχυτο</em></strong></span> <span class='ocrx_word' id='word_1_191' title='bbox 1850 2741 2034 2826; x_wconf 82' lang='grc' dir='ltr'><strong><em>φλόξ.</em></strong></span> 
     </span>
    </p>

    <p class='ocr_par' dir='ltr' id='par_1_16' title="bbox 224 2841 2226 3459">
     <span class='ocr_line' id='line_1_26' title="bbox 309 2841 2226 2933; baseline 0 -20"><span class='ocrx_word' id='word_1_192' title='bbox 309 2841 398 2924; x_wconf 80' lang='grc' dir='ltr'><strong><em>ώς</em></strong></span> <span class='ocrx_word' id='word_1_193' title='bbox 440 2847 564 2930; x_wconf 79' lang='grc' dir='ltr'><strong><em>τὴν</em></strong></span> <span class='ocrx_word' id='word_1_194' title='bbox 600 2845 723 2931; x_wconf 71' lang='grc' dir='ltr'><strong><em>μὲν</em></strong></span> <span class='ocrx_word' id='word_1_195' title='bbox 756 2846 1070 2931; x_wconf 79' lang='grc' dir='ltr'><strong><em>πρυμνὴν</em></strong></span> <span class='ocrx_word' id='word_1_196' title='bbox 1105 2854 1239 2931; x_wconf 88' lang='grc' dir='ltr'><strong><em>πῦρ</em></strong></span> <span class='ocrx_word' id='word_1_197' title='bbox 1276 2848 1603 2932; x_wconf 77' lang='grc' dir='ltr'><strong><em>ἄμφεπεν·</em></strong></span> <span class='ocrx_word' id='word_1_198' title='bbox 1648 2846 1856 2933; x_wconf 81' lang='grc' dir='ltr'><strong><em>αὐτὰρ</em></strong></span> <span class='ocrx_word' id='word_1_199' title='bbox 1894 2844 2226 2933; x_wconf 79' lang='grc' dir='ltr'><strong><em>Ἀχιλλεὺς</em></strong></span> 
     </span>
     <span class='ocr_line' id='line_1_27' title="bbox 224 2951 2226 3038; baseline 0 -20"><span class='ocrx_word' id='word_1_200' title='bbox 224 2954 408 3038; x_wconf 80' lang='grc' dir='ltr'><strong><em>μηρὼ</em></strong></span> <span class='ocrx_word' id='word_1_201' title='bbox 453 2952 861 3037; x_wconf 83' lang='grc' dir='ltr'><strong><em>πληξάμενος</em></strong></span> <span class='ocrx_word' id='word_1_202' title='bbox 905 2957 1304 3037; x_wconf 83' lang='grc' dir='ltr'><strong><em>Πατροκλῆα</em></strong></span> <span class='ocrx_word' id='word_1_203' title='bbox 1347 2951 1759 3037; x_wconf 84' lang='grc' dir='ltr'><strong><em>προσέειπεν·</em></strong></span> <span class='ocrx_word' id='word_1_204' title='bbox 2125 2969 2226 3019; x_wconf 74' lang='lat'><strong><em>125</em></strong></span> 
     </span>
     <span class='ocr_line' id='line_1_28' title="bbox 224 3055 1819 3143; baseline -0.001 -18"><span class='ocrx_word' id='word_1_205' title='bbox 224 3062 493 3143; x_wconf 77' lang='grc' dir='ltr'><strong><em>,,ὔρσεο,</em></strong></span> <span class='ocrx_word' id='word_1_206' title='bbox 540 3057 834 3141; x_wconf 73' lang='grc' dir='ltr'><strong><em>διογενὲς</em></strong></span> <span class='ocrx_word' id='word_1_207' title='bbox 879 3060 1314 3143; x_wconf 86' lang='grc' dir='ltr'><strong><em>Πατρόκλεις,</em></strong></span> <span class='ocrx_word' id='word_1_208' title='bbox 1362 3055 1819 3123; x_wconf 73' lang='grc' dir='ltr'><strong><em>ἱπποκέλευθε·</em></strong></span> 
     </span>
     <span class='ocr_line' id='line_1_29' title="bbox 226 3162 1832 3249; baseline -0.001 -18"><span class='ocrx_word' id='word_1_209' title='bbox 226 3166 478 3231; x_wconf 85' lang='grc' dir='ltr'><strong><em>λεύσσω</em></strong></span> <span class='ocrx_word' id='word_1_210' title='bbox 525 3164 607 3247; x_wconf 81' lang='grc' dir='ltr'><strong><em>δὴ</em></strong></span> <span class='ocrx_word' id='word_1_211' title='bbox 652 3164 829 3245; x_wconf 80' lang='grc' dir='ltr'><strong><em>παρὰ</em></strong></span> <span class='ocrx_word' id='word_1_212' title='bbox 874 3162 1073 3248; x_wconf 80' lang='grc' dir='ltr'><strong><em>νηυσὶ</em></strong></span> <span class='ocrx_word' id='word_1_213' title='bbox 1116 3166 1329 3249; x_wconf 86' lang='grc' dir='ltr'><strong><em>πυρὸς</em></strong></span> <span class='ocrx_word' id='word_1_214' title='bbox 1374 3164 1592 3246; x_wconf 89' lang='grc' dir='ltr'><strong><em>δηίοιο</em></strong></span> <span class='ocrx_word' id='word_1_215' title='bbox 1640 3165 1832 3247; x_wconf 77' lang='grc' dir='ltr'><strong><em>ἰωήν·</em></strong></span> 
     </span>
     <span class='ocr_line' id='line_1_30' title="bbox 227 3265 1965 3353; baseline 0.001 -20"><span class='ocrx_word' id='word_1_216' title='bbox 227 3270 311 3353; x_wconf 85' lang='grc' dir='ltr'><strong><em>μὴ</em></strong></span> <span class='ocrx_word' id='word_1_217' title='bbox 359 3268 441 3350; x_wconf 81' lang='grc' dir='ltr'><strong><em>δὴ</em></strong></span> <span class='ocrx_word' id='word_1_218' title='bbox 487 3276 651 3352; x_wconf 84' lang='grc' dir='ltr'><strong><em>νῆας</em></strong></span> <span class='ocrx_word' id='word_1_219' title='bbox 695 3266 888 3333; x_wconf 80' lang='grc' dir='ltr'><strong><em>ἕλωσι</em></strong></span> <span class='ocrx_word' id='word_1_220' title='bbox 935 3265 1045 3333; x_wconf 74' lang='grc' dir='ltr'><strong><em>καὶ</em></strong></span> <span class='ocrx_word' id='word_1_221' title='bbox 1088 3266 1310 3334; x_wconf 82' lang='grc' dir='ltr'><strong><em>οὐκέτι</em></strong></span> <span class='ocrx_word' id='word_1_222' title='bbox 1355 3268 1571 3353; x_wconf 81' lang='grc' dir='ltr'><strong><em>φυκτὰ</em></strong></span> <span class='ocrx_word' id='word_1_223' title='bbox 1615 3271 1965 3335; x_wconf 82' lang='grc' dir='ltr'><strong><em>πέλωνται·</em></strong></span> 
     </span>
     <span class='ocr_line' id='line_1_31' title="bbox 229 3371 2008 3459; baseline 0 -19"><span class='ocrx_word' id='word_1_224' title='bbox 229 3375 425 3440; x_wconf 86' lang='grc' dir='ltr'><strong><em>δύσεο</em></strong></span> <span class='ocrx_word' id='word_1_225' title='bbox 471 3374 702 3459; x_wconf 91' lang='grc' dir='ltr'><strong><em>τεύχεα</em></strong></span> <span class='ocrx_word' id='word_1_226' title='bbox 744 3378 1039 3456; x_wconf 81' lang='grc' dir='ltr'><strong><em>θᾶσσον,</em></strong></span> <span class='ocrx_word' id='word_1_227' title='bbox 1085 3372 1212 3458; x_wconf 76' lang='grc' dir='ltr'><strong><em>ἐγὼ</em></strong></span> <span class='ocrx_word' id='word_1_228' title='bbox 1260 3371 1342 3440; x_wconf 88' lang='grc' dir='ltr'><strong><em>δέ</em></strong></span> <span class='ocrx_word' id='word_1_229' title='bbox 1377 3396 1453 3440; x_wconf 86' lang='grc' dir='ltr'><strong><em>κε</em></strong></span> <span class='ocrx_word' id='word_1_230' title='bbox 1496 3372 1661 3440; x_wconf 79' lang='grc' dir='ltr'><strong><em>λαὸν</em></strong></span> <span class='ocrx_word' id='word_1_231' title='bbox 1707 3374 2008 3456; x_wconf 83' lang='grc' dir='ltr'><strong><em>ἀγείρω.“</em></strong></span> 
     </span>
    </p>

    <p class='ocr_par' dir='ltr' id='par_1_17' title="bbox 314 3475 2168 3564">
     <span class='ocr_line' id='line_1_32' title="bbox 314 3475 2168 3564; baseline -0.003 -19"><span class='ocrx_word' id='word_1_232' title='bbox 314 3475 401 3557; x_wconf 82' lang='grc' dir='ltr'><strong><em>ὧς</em></strong></span> <span class='ocrx_word' id='word_1_233' title='bbox 446 3479 651 3564; x_wconf 86' lang='grc' dir='ltr'><strong><em>φάτο,</em></strong></span> <span class='ocrx_word' id='word_1_234' title='bbox 699 3480 1085 3564; x_wconf 84' lang='grc' dir='ltr'><strong><em>Πάτροκλος</em></strong></span> <span class='ocrx_word' id='word_1_235' title='bbox 1131 3475 1205 3544; x_wconf 72' lang='grc' dir='ltr'><strong><em>δὲ</em></strong></span> <span class='ocrx_word' id='word_1_236' title='bbox 1249 3480 1611 3562; x_wconf 87' lang='grc' dir='ltr'><strong><em>κορύσσετο</em></strong></span> <span class='ocrx_word' id='word_1_237' title='bbox 1654 3480 1908 3562; x_wconf 87' lang='grc' dir='ltr'><strong><em>νώροπι</em></strong></span> <span class='ocrx_word' id='word_1_238' title='bbox 1953 3483 2168 3562; x_wconf 77' lang='grc' dir='ltr'><strong><em>χαλκῷ</em></strong></span> 
     </span>
    </p>
   </div>
  </div>
 </body>
</html>
