2525 3884
219 172 348 237 252
1008 178 1313 231 ΙΛῐΑΔοΣ
1346 179 1417 230 α.

216 327 351 382 τῶν
387 314 546 400 μέτα
580 321 992 404 παλλόμενος
1024 321 1245 406 κλήρῳ
1275 319 1482 403 λάχον
1510 316 1745 386 ἐνθάδ’
1789 317 2084 385 ἕπεσθαι.
2119 335 2226 385 400

216 430 345 486 νῦν
391 418 453 487 δ’
503 418 723 507 ἦλθον
768 422 1064 491 πεδίονδ’
1117 425 1244 490 ἀπὸ
1291 435 1498 508 νηῶν·
1542 425 1768 508 ἠῶθεν
1801 426 1928 509 γὰρ
2273 430 2278 433 ’

209 518 547 610 ’θήσονται
591 528 739 612 περὶ
785 532 949 596 ἄστυ
994 530 1209 615 μάχην
1256 528 1566 607 ἑλίκωπες
1603 527 1866 616 Ἀχαιοί.

216 632 587 719 ἀσχαλόωσι
628 637 755 719 γὰρ
804 637 944 701 οἵδε
988 637 1376 721 καθήμενοι,
1425 633 1583 702 οὐδὲ
1620 636 1938 702 δύνανται

218 743 426 824 ἴσχειν
471 739 874 824 ἐσσυμένους
918 740 1210 826 πολέμου
1255 745 1564 825 βασιλῆες
1599 738 1941 827 Ἀχαιῶν.“

302 845 422 909 τὸν
459 841 521 909 δ’
562 842 846 930 ἠμείβετ’
898 850 1118 913 ἔπειτα
1151 844 1369 933 γέρων
1407 850 1709 934 Πρίαμος
1742 847 2074 930 θεοειδής·
2119 864 2227 913 405

220 950 325 1033 „el
363 948 486 1034 μὲν
532 952 614 1034 δὴ
658 951 973 1035 θεράπων
1020 953 1420 1036 Πηληιάδεω
1460 947 1752 1038 Ἀχιλῆος

216 1060 329 1137 εἷς,
375 1057 492 1139 ἄγε
538 1057 621 1139 δή
666 1080 779 1141 μοι
823 1066 1042 1123 πᾶσαν
1087 1057 1413 1142 ἀληθείην
1456 1058 1836 1141 κατάλεξον,

216 1159 258 1243 ἣ
304 1163 399 1226 ἔτι
441 1163 574 1246 πὰρ
617 1164 890 1246 νήεσσιν
937 1163 1090 1249 ἐμὸς
1131 1163 1305 1245 πάις,
1349 1157 1433 1246 ἦέ
1472 1188 1588 1248 μιν
1631 1165 1759 1248 ἤδη

214 1256 328 1350 ᾗσι
372 1265 567 1332 κυσὶν
612 1266 897 1354 μελεϊστὶ
939 1268 1164 1353 ταμὼν
1208 1269 1595 1353 προύθηκεν
1635 1264 2024 1354 Ἀχιλλεύς.“

301 1372 421 1437 τὸν
467 1367 528 1438 δ’
578 1368 734 1440 αὖτε
777 1372 1123 1460 προσέειπε
1170 1375 1517 1460 διάκτορος
1560 1374 2021 1459 ἀργεϊφόντης·
2119 1392 2228 1441 410

216 1472 314 1559 ,,ὧ
357 1476 587 1561 γέρον,
634 1479 718 1545 οὔ
762 1501 863 1544 πω
907 1481 1027 1544 τόν
1071 1502 1146 1563 γε
1191 1479 1386 1557 κύνες
1431 1479 1650 1564 φάγον
1696 1477 1841 1546 οὐδ’
1894 1482 2153 1563 οἰωνοί,

214 1578 360 1647 ἀλλ’
414 1585 509 1649 ἔτι
553 1593 771 1660 κεῖνος
813 1594 1019 1650 κεῖται
1058 1579 1393 1670 Ἀχιλλῆος
1434 1587 1611 1669 παρὰ
1654 1583 1766 1669 νηὶ

216 1688 429 1765 αὔτως
473 1688 546 1754 ἐν
589 1691 902 1774 κλισίῃσι·
951 1690 1330 1773 δυωδεκάτη
1379 1688 1459 1756 δέ
1498 1691 1570 1756 οἱ
1606 1691 1740 1774 ἠὼς

213 1790 511 1880 κειμένῳ,
559 1792 723 1860 οὐδέ
760 1796 831 1858 τί
870 1794 941 1859 οἰ
978 1795 1151 1881 χρὼς
1196 1798 1497 1880 σήπεται,
1546 1793 1709 1862 οὐδέ
1748 1820 1863 1881 μιν
1908 1794 2095 1861 εὐλαὶ

216 1894 517 1981 ἔσθουσ’,
566 1899 641 1964 αἳ
679 1899 764 1986 ῥά
805 1923 876 1966 τε
921 1910 1144 1984 φῶτας
1188 1900 1598 1985 ἀρηιφάτους
1639 1900 2048 1968 κατέδουσιν.
2119 1919 2226 1969 416

213 1999 255 2088 ἦ
300 2001 422 2089 μέν
466 2028 581 2089 μιν
624 2004 774 2092 περὶ
819 2013 994 2091 σῆμα
1039 2004 1154 2072 ἑοῦ
1198 2004 1458 2092 ἑτάροιο
1504 2009 1730 2091 φίλοιο

216 2109 386 2175 ἕλκει
431 2110 822 2195 ἀκηδέστως,
869 2112 1002 2195 ἠὼς
1047 2113 1153 2178 ὅτε
1201 2113 1314 2177 δῖα
1360 2113 1613 2197 φανήῃ,

217 2214 384 2281 οὐδέ
423 2240 538 2300 μιν
585 2218 904 2302 αἰσχύνει·
950 2220 1154 2302 θηοῖό
1198 2241 1316 2283 κεν
1363 2216 1561 2294 αὐτὸς
1605 2217 1935 2301 ε’πελθῶν,

216 2313 363 2387 οἷον
409 2321 696 2407 ἐερσήεις
737 2331 964 2405 κεῖται,
1009 2320 1160 2409 περὶ
1206 2319 1269 2387 δ’
1312 2315 1471 2406 αἷμα
1514 2319 1844 2405 νένιπται,

216 2425 380 2493 οὐδέ
419 2433 585 2493 ποθι
629 2430 885 2512 μιαρός·
938 2429 1064 2493 σὺν
1110 2426 1181 2492 δ’
1229 2426 1417 2493 ἕλκεα
1453 2427 1665 2492 πάντα
1710 2424 2027 2512 μέμυκεν,
2117 2446 2225 2496 420

216 2530 358 2598 ὅσσ’
413 2532 614 2616 ἐτύπη
630 2552 645 2569 ·
680 2530 911 2621 πολέες
953 2534 1079 2618 γὰρ
1125 2531 1197 2597 ἐν
1243 2532 1420 2620 αὐτῷ
1467 2533 1710 2617 χαλκὸν
1755 2536 2057 2600 ἔλασσαν.

216 2632 304 2716 ὧς
338 2662 441 2705 τοι
485 2639 799 2721 κήδονται
845 2637 1126 2721 μάκαρες
1169 2635 1323 2702 θεοὶ
1367 2629 1513 2714 υἷος
1558 2636 1707 2721 ἑῆος

214 2743 325 2811 καὶ
367 2743 601 2821 νέκυός
644 2764 766 2828 περ
812 2742 1056 2824 ἐόντος,
1104 2742 1249 2808 ἐπεί
1287 2759 1411 2827 σφι
1456 2745 1650 2827 φίλος
1692 2741 1840 2829 περὶ
1886 2745 2098 2828 κῆρι.“

306 2843 393 2927 ὧς
427 2850 619 2933 φάτο,
663 2851 962 2932 γήθησεν
1008 2842 1070 2913 δ’
1122 2846 1159 2913 ὁ
1202 2847 1419 2932 γέρων
1464 2846 1574 2913 καὶ
1619 2847 1919 2933 ἀμείβετο
1964 2849 2190 2936 μύθῳ·

216 2949 314 3037 ,,ὦ
350 2954 553 3037 τέκος,
590 2950 632 3039 ἦ
670 2949 732 3039 ῥ’
783 2952 1044 3036 ἀγαθὸν
1080 2951 1189 3018 καὶ
1229 2954 1533 3038 ἐναίσιμα
1562 2955 1743 3040 δῶρα
1773 2955 2080 3019 διδοῦναι
2120 2970 2222 3020 425

217 3059 599 3142 ἀθανάτοις,
648 3057 787 3126 ἐπεὶ
831 3059 914 3125 οὔ
957 3054 1103 3124 ποτ’
1155 3057 1310 3142 ἐμὸς
1351 3058 1524 3141 πάις,
1572 3064 1640 3124 εἴ
1674 3054 1825 3123 ποτ’
1876 3062 1992 3141 ἔην
2035 3083 2143 3142 γε,
2271 3089 2280 3094 ’
2317 3042 2324 3047 ’
2410 3070 2416 3077 ·

215 3160 446 3250 λήθετ’
498 3163 597 3231 ἐνὶ
641 3165 984 3249 μεγάροισι
1026 3170 1238 3246 θεῶν,
1287 3167 1357 3228 οἳ
1378 3163 1714 3249 Ὄλυμπον
1753 3167 2047 3249 ἔχουσιν·

133 3281 135 3283 ’
215 3280 306 3358 τῷ
355 3271 425 3336 οἰ
464 3270 922 3356 ἀπεμνήσαντο
967 3266 1077 3334 καὶ
1123 3269 1195 3335 ἐν
1239 3269 1562 3335 θανάτοιό
1605 3291 1727 3356 περ
1774 3276 1944 3356 αἴσῃ.

216 3372 364 3441 ἀλλ’
414 3377 533 3459 ἄγε
581 3376 663 3458 δὴ
709 3374 863 3440 τόδε
908 3373 1087 3452 δέξαι
1133 3373 1291 3458 ἐμεῦ
1334 3375 1510 3459 πάρα
1555 3376 1760 3439 καλὸν
1804 3376 2103 3456 ἄλεισον,

218 3481 422 3546 αὐτόν
466 3504 534 3546 τε
581 3479 796 3565 ῥῦσαι,
844 3476 1105 3563 πέμψον
1151 3475 1232 3544 δέ
1272 3501 1350 3560 με
1395 3479 1523 3543 σύν
1566 3503 1641 3562 γε
1684 3486 1981 3557 θεοῖσιν,
2117 3495 2219 3549 430.
