2525 3884
281 194 370 258 42
505 255 512 263 ,
1097 193 1399 246 namon
1436 189 1500 251 Ξ.

284 338 357 403 οἰ
397 333 471 401 δὲ
515 334 680 422 μέγα
726 335 1022 421 ἰάχοντες
1067 334 1439 421 ἐπέδραμον
1482 326 1623 411 υἷες
1660 330 1962 419 Ἀχαιῶν,

288 443 639 529 ἐλπόμενοι
685 442 1024 528 ἐρύεσθαι,
1070 442 1413 521 ἀκόντιζον
1459 437 1534 508 δὲ
1576 442 1859 526 θαμειὰς

286 548 546 633 αἰχμάς·
592 546 734 615 ἀλλ’
788 549 871 614 οὔ
913 571 1014 626 τις
1060 549 1427 632 ἐδυνήσατο
1471 545 1753 633 ποιμένα
1798 552 1977 612 λαῶν

286 654 566 721 οὐτάσαι
612 651 771 721 οὐδὲ
816 657 1076 738 βαλεῖν·
1119 652 1280 740 πρὶν
1325 655 1452 740 γὰρ
1495 655 1866 738 περίβησαν
1910 653 2191 738 ἄριστοι,

285 760 735 846 Πουλυδάμας
776 783 848 826 τε
890 759 1001 826 καὶ
1044 762 1319 837 Αἰνείας
1361 757 1471 825 καὶ
1516 760 1660 837 δῖος
1695 752 1990 845 Ἀγήνωρ
2185 774 2296 823 425

286 868 668 952 Σαρπηδών
712 863 770 932 τ’
822 866 1022 953 ἀρχὸς
1066 868 1340 931 Λυκίων
1384 863 1494 931 καὶ
1540 868 1837 944 Γλαῦκος
1881 864 2185 950 ἀμύμων·

286 984 421 1038 τῶν
466 967 525 1038 δ’
577 974 799 1039 ἄλλων
843 972 926 1038 οὔ
968 975 1069 1049 τίς
1113 970 1190 1037 εὑ
1234 970 1575 1054 ἀκήδεσεν,
1620 970 1787 1037 ἀλλὰ
1828 972 2158 1056 πάροιθεν

288 1079 570 1155 ἀσπίδας
618 1077 976 1154 εὐκύκλους
1019 1076 1273 1162 σχέθον
1319 1077 1543 1144 αὐτοῦ.
1613 1078 1733 1143 τὸν
1770 1074 1833 1143 δ’
1885 1073 1990 1163 ἄρ’
2043 1075 2296 1162 ἑταῖροι

287 1181 515 1270 χερσὶν
559 1182 894 1270 ἀείραντες
939 1181 1151 1269 φέρον
1197 1183 1269 1250 ἐκ
1312 1186 1547 1267 πόνου,
1594 1180 1750 1268 ὄφρ’
1803 1177 1976 1249 ἵκεθ’
2025 1183 2269 1260 ἵππους

287 1289 515 1373 ὠκέας,
564 1290 635 1355 οἳ
674 1291 745 1355 οἱ
784 1291 1025 1356 ὄπισθε
1070 1291 1281 1375 μάχης
1323 1285 1444 1373 ἠδὲ
1487 1287 1838 1373 πτολέμοιο
2186 1305 2295 1355 430

254 1404 257 1409 ⁴
289 1395 573 1462 ἕστασαν
617 1394 891 1481 ἡνίοχόν
934 1418 1007 1461 τε
1050 1393 1161 1461 καὶ
1207 1396 1465 1482 ἅρματα
1507 1392 1755 1462 ποικίλ’
1809 1398 2093 1479 ἔχοντες·

289 1504 362 1567 οἳ
398 1503 517 1567 τόν
560 1525 637 1585 γε
680 1499 874 1587 προτὶ
918 1502 1084 1567 ἄστυ
1129 1500 1342 1587 φέρον
1387 1499 1592 1588 βαρέα
1638 1501 2055 1586 στενάχοντα.

286 1605 428 1672 ἀλλ’
484 1607 593 1674 ὅτε
638 1607 721 1691 δὴ
766 1609 980 1691 πόρον
1025 1598 1169 1685 ἷξον
1215 1606 1512 1692 ἐυρρεῖος
1553 1618 1897 1692 ποταμοῖο,

287 1712 568 1789 Ξάνθου
614 1713 974 1795 δινήεντος,
1022 1712 1102 1778 ὃν
1148 1712 1484 1790 ἀθάνατος
1526 1712 1746 1779 τέκετο
1795 1714 1981 1796 Ζεύς,

289 1822 460 1885 ἔνθα
502 1841 617 1905 μιν
645 1817 713 1897 ἐξ
740 1818 960 1884 ἵππων
987 1817 1281 1885 πέλασαν
1307 1822 1531 1905 χθονί,
1573 1822 1702 1887 κὰδ
1731 1819 1811 1886 δέ
1852 1821 1923 1886 οἱ
1962 1820 2146 1902 ὕδωρ
2185 1835 2291 1884 435

287 1933 517 2011 χεῦαν·
565 1922 602 1991 ὁ
649 1921 710 1990 δ’
763 1924 1124 2009 ἀμπνύνθη
1168 1923 1280 1991 καὶ
1325 1924 1686 2012 ἀνέδρακεν
1733 1926 2218 2012 ὀφθαλμοῖσιν,

291 2030 594 2116 ἑζόμενος
638 2026 700 2096 δ’
754 2029 860 2097 ἐπὶ
902 2040 1115 2114 γοῦνα
1157 2028 1543 2117 κελαινεφὲς
1586 2024 1723 2116 αἷμ’
1776 2031 2156 2117 ἀπέμεσσεν.

292 2132 480 2216 αὖτις
524 2133 588 2202 δ’
643 2136 921 2216 ἐξοπίσω
965 2143 1172 2222 πλῆτο
1217 2140 1442 2223 χθονί,
1484 2138 1576 2203 τὼ
1624 2136 1704 2204 δέ
1743 2140 1816 2203 οἱ
1853 2140 2011 2205 ὄσσε

290 2241 413 2320 νὺξ,
459 2241 743 2323 ἐκάλυψε
788 2243 1084 2329 μέλαινα,
1131 2244 1326 2329 βέλος
1372 2241 1432 2309 δ’
1484 2247 1580 2310 ἔτι
1623 2245 1849 2329 θυμὸν
1894 2244 2164 2328 ἐδάμνα.

375 2345 658 2434 Ἀργεῖοι
704 2344 765 2412 δ’
817 2347 907 2425 ὡς
952 2341 1078 2414 οὖν
1123 2349 1275 2414 ἴδον
1302 2345 1586 2434 Ἕκτορα
1629 2334 1838 2434 νόσφι
1880 2347 2127 2431 κιόντᾶ,
2186 2365 2291 2417 440

290 2458 543 2540 μᾶλλον
589 2450 694 2518 ἐπὶ
747 2454 1042 2538 Τρώεσσι
1084 2456 1322 2538 θόρον,
1369 2455 1705 2538 μνήσαντο
1755 2450 1829 2519 δὲ
1872 2455 2139 2541 χάρμης.

291 2563 461 2626 ε”νθα
503 2560 677 2625 πολὺ
720 2558 1084 2642 πρώτιστος
1121 2554 1373 2642 Ὀιλῆος
1415 2560 1616 2643 ταχὺς
1658 2565 1828 2636 Αἶας

290 2666 585 2731 Σάτνιον
631 2663 870 2730 οὔτασε
916 2662 1113 2750 δουρὶ
1158 2664 1557 2749 μετάλμενος
1601 2664 1897 2743 ὀξυόεντι

284 2766 672 2855 Ἠνοπίδην,
717 2769 798 2836 ὃν
842 2772 970 2856 ἄρα
1014 2771 1244 2856 νύμφη
1289 2767 1437 2836 τέκε
1479 2768 1629 2853 νηὶς
1672 2770 1950 2857 ἀμύμων

273 2876 522 2942 Ἤνοπι
565 2874 993 2961 βουκολέοντι
1035 2872 1188 2962 παρ’
1242 2877 1453 2961 ὄχθας
1495 2879 1952 2955 Σατνιόεντος.
2185 2895 2289 2945 445

288 2982 409 3047 τὸν
453 2977 575 3065 μὲν
612 2978 939 3066 Ὀιλιάδης
984 2982 1415 3067 δουρικλυτὸς
1460 2981 1749 3066 ἐγγύθεν
1794 2982 2015 3049 ἐλθὼν

290 3083 454 3154 οὖτα
480 3088 646 3153 κατὰ
679 3088 1005 3174 λαπάρην·
1052 3087 1089 3153 ὁ
1120 3084 1181 3152 δ’
1216 3085 1628 3175 ἀνετράπετ’,
1667 3087 1836 3174 ἀμφὶ,
1865 3083 1927 3154 δ’
1966 3087 2070 3176 ἄρ’
2115 3090 2288 3180 αὐτῷ

298 3197 518 3275 Τρῶες
559 3192 670 3259 καὶ
712 3191 974 3259 Δαναοὶ
1019 3193 1317 3276 σύναγον
1360 3195 1687 3280 κρατερὴν
1729 3194 2035 3280 ὑσμίνην.

288 3308 380 3388 τῷ
429 3297 491 3365 δ’
545 3297 650 3366 ἐπὶ
696 3299 1147 3385 Πουλυδάμας
1192 3298 1591 3385 ἐγχέσπαλος
1634 3296 1847 3383 ἦλθεν
1892 3300 2203 3390 ἀμύντωρ

293 3407 712 3489 Πανθοΐδης,
760 3405 919 3488 βάλε
965 3402 1040 3471 δὲ
1086 3407 1543 3492 Προθοήνορα
1588 3405 1807 3485 δεξιὸν
1853 3403 2056 3492 ὦμον,
2190 3426 2290 3476 450

288 3513 445 3579 υἱὸν
490 3512 930 3598 Ἆρηιλύκοιο·
978 3507 1065 3578 δι’
1119 3513 1305 3597 ὤμου
1352 3506 1414 3577 δ’
1466 3513 1745 3598 ὄβριμον
1791 3516 1981 3598 ἔγχος
2285 3544 2290 3549 ·
