2525 3884
1014 219 1318 271 IAIAAoz:
1354 219 1528 271 xxn.
2155 207 2282 281 195

131 387 134 389 ’
262 362 433 448 πρὸς
480 358 543 426 δ’
585 358 698 445 ἐμὲ
740 362 861 427 τὸν
906 361 1239 444 δύστηνον
1285 362 1380 426 ἔτι
1425 358 1778 447 φρονέοντ’
1822 359 2127 447 ἐλέησον,

263 469 640 554 δύσμορον,
679 468 759 532 ὅν
796 466 880 551 ῥα
915 468 1127 552 πατὴρ
1164 468 1504 553 Κρονίδης
1539 465 1644 532 ἐπὶ
1679 471 1927 553 γήραος
1964 467 2143 556 οὐδῷ
2210 483 2280 533 60

261 581 423 659 αἴσῃ
471 573 545 638 ἐν
589 570 876 659 ἀργαλέῃ
923 575 1190 657 φθίσει,
1235 574 1404 638 κακὰ
1447 570 1634 638 πόλλ’
1679 573 2019 657 ἐπιδόντα,

261 671 417 756 υἷάς
458 676 516 743 τ’
560 677 967 763 ὀλλυμένους
1013 677 1403 763 ἑλκηθείσας
1445 701 1517 745 τε
1561 680 1933 766 θύγατρας,

259 783 379 850 καὶ
421 785 766 869 θαλάμους
807 783 1342 870 κεραϊζομένους,
1385 782 1495 851 καὶ
1537 787 1743 869 νήπια
1787 784 1984 852 τέκνα

262 893 642 976 βαλλόμενα
683 888 878 978 προτὶ
920 894 1076 977 γαίῃ
1124 891 1198 958 έν
1244 893 1397 977 αἰνῇ
1446 893 1772 977 δηιοτῆτι,

262 996 624 1081 ἑλκομένας
664 1020 735 1063 τε
779 999 987 1075 νυοὺς
1031 997 1228 1083 ὀλοῆς
1271 998 1401 1063 ὑπὸ
1452 996 1680 1084 χερσὶν
1734 995 2033 1085 Ἀχαιῶν.
2215 1013 2281 1064 65

263 1105 476 1170 αὐτὸν
522 1101 583 1169 δ’
627 1102 709 1169 ἂν
755 1104 1057 1187 πύματόν
1103 1126 1184 1188 με
1227 1104 1425 1180 κύνες
1468 1106 1767 1191 πρώτῃσι
1811 1107 2107 1191 θύρῃσιν

220 1208 227 1214 ’
262 1207 566 1294 ὠμησταὶ
611 1209 954 1298 ἐρύουσιν,
1003 1209 1149 1274 ἐπεί
1185 1206 1265 1275 κέ
1304 1233 1403 1287 τις
1447 1209 1581 1288 ὀξέι
1625 1216 1842 1297 χαλκῷ

259 1319 481 1396 τύψας
523 1313 599 1400 ἠὲ
646 1317 870 1399 βαλὼν
915 1315 1172 1402 ῥεθέων
1219 1315 1292 1380 ἐκ
1334 1317 1561 1399 θυμὸν
1606 1315 1857 1399 ἕληται·

264 1423 391 1500 οὓς
433 1421 681 1508 τρέφον
726 1422 800 1488 ἐν
846 1422 1191 1508 μεγάροισι
1234 1424 1594 1507 τραπεζῆας
1635 1420 2068 1508 θυραωρούς,

266 1529 347 1596 οἵ
382 1527 441 1594 κ’
484 1529 645 1614 ἐμὸν
690 1522 849 1613 αἷμα
892 1531 1156 1607 πιόντες
1200 1528 1599 1605 ἀλύσσοντες
1644 1527 1794 1614 περὶ
1838 1535 2035 1616 θυμῷ
2215 1543 2281 1592 70

262 1633 555 1702 κείσοντ’
599 1636 673 1702 έν
707 1636 1131 1722 προθύροισι.
1222 1634 1354 1722 νέω
1402 1634 1481 1702 δέ
1520 1658 1590 1701 τε
1634 1629 1824 1700 πάντ’
1867 1634 2192 1717 ἐπέοικεν,

266 1741 753 1828 ἀρηικταμένῳ,
802 1740 1206 1830 δεδαϊγμένῳ
1254 1738 1388 1819 ὀξέι
1430 1746 1646 1831 χαλκῷ

266 1856 559 1915 κεῖσθαι·
606 1848 818 1914 πάντα
864 1844 939 1912 δὲ
982 1849 1150 1913 καλὰ
1193 1850 1478 1913 θανόντι
1522 1869 1674 1933 περ,
1723 1848 1862 1914 ὅττι
1907 1850 2161 1933 φανήῃ·

267 1950 414 2021 ἀλλ’
458 1956 563 2020 ὅτε
611 1954 694 2038 δὴ
739 1956 976 2019 πολιόν
1020 1977 1090 2019 τε
1133 1954 1301 2040 κάρη
1348 1956 1586 2019 πολιόν
1631 1977 1701 2020 τε
1745 1953 2007 2036 γένειον

271 2063 438 2126 αι’δῶ
483 2057 540 2124 τ’
584 2061 947 2143 αἰσχύνωσι
991 2061 1186 2136 κύνες
1229 2057 1578 2144 κταμένοιο
1625 2058 1969 2144 γέροντος,
2216 2072 2282 2122 75

269 2177 467 2233 τοῦτο
512 2167 596 2250 δὴ
644 2172 973 2232 οἴκτιστον
1017 2166 1279 2232 πέλεται
1325 2166 1602 2230 δειλοῖσι
1647 2165 2052 2250 βροτοῖσιν.“

360 2270 401 2357 ἦ
431 2269 492 2359 ῤ’
519 2273 554 2339 ὁ
581 2272 845 2359 γέρων,
871 2274 1102 2349 πολιάς
1139 2266 1202 2337 δ’
1226 2267 1331 2356 ἄρ’
1368 2270 1494 2335 ἀνὰ
1529 2273 1754 2355 τρίχας
1791 2270 2010 2336 ἕλκετο
2056 2266 2283 2356 χερσὶν

273 2383 514 2445 τίλλων
559 2379 631 2445 ἐκ
674 2384 987 2465 κεφαλῆς·
1035 2372 1181 2444 οὐδ’
1217 2375 1483 2460 Ἕκτορι
1526 2377 1754 2461 θυμὸν
1801 2379 2087 2442 ἔπειθεν.

274 2488 484 2571 μήτηρ
531 2481 592 2551 δ’
637 2479 796 2550 αὖθ’
841 2483 1166 2569 ἑτέρωθεν
1213 2482 1492 2568 ὀδύρετο
1540 2482 1750 2568 δάκρυ
1795 2480 2070 2568 χέουσα,

272 2595 523 2661 κόλπον
566 2589 906 2675 ἀνιεμένη,
956 2588 1221 2676 ἑτέρηφι
1270 2585 1344 2654 δὲ
1390 2589 1592 2672 μαζὸν
1638 2586 1947 2675 ἀνέσχεν·
2214 2604 2283 2655 80

272 2701 390 2764 καί
428 2721 544 2782 μιν
590 2697 798 2782 δάκρυ
842 2693 1064 2780 χέουσ’
1110 2698 1264 2762 ἔπεα
1307 2698 1666 2782 πτερόεντα
1710 2695 2090 2781 προσηύδα·

223 2840 232 2849 ·
273 2801 573 2889 ,ξἘκτορ,
615 2802 851 2869 τέκνον
897 2802 1086 2887 ἐμόν,
1141 2802 1300 2867 τάδε
1342 2799 1401 2866 τ’
1446 2803 1630 2868 αἴδεο
1675 2805 1793 2866 καί
1831 2797 1899 2885 μ’
1943 2798 2218 2884 ἐλέησον

275 2911 513 2994 αὐτήν,
560 2915 627 2975 εἴ
663 2907 825 2974 ποτέ
864 2931 969 2974 τοι
1014 2905 1379 2990 λαθικηδέα
1426 2909 1629 2991 μαζὸν
1676 2906 1952 2991 ἐπέσχον
1963 2954 1982 2988 ,

272 3026 407 3080 τῶν
452 3023 727 3100 μνῆσαι,
773 3018 925 3099 φίλε
969 3010 1235 3095 τέκνον,
1284 3014 1493 3096 ἄμυνε
1544 3009 1617 3077 δὲ
1665 3012 1859 3095 δήιον
1904 3013 2118 3099 ἄνδρα

271 3124 517 3206 τείχεος
564 3120 747 3196 ἐντὸς
793 3115 952 3203 ἐών,
998 3116 1165 3202 μηδὲ
1210 3120 1462 3203 πρόμος
1506 3118 1736 3183 ἵστασο
1781 3118 2020 3206 τούτῳ·
2216 3133 2284 3183 85

275 3226 591 3310 σχέτλιος·
648 3231 715 3291 εἴ
750 3245 872 3311 περ
926 3225 1051 3308 γάρ
1099 3240 1174 3289 σε
1219 3224 1619 3309 κατακτάνῃ,
1667 3223 1749 3288 οὔ
1795 3221 1855 3288 σ’
1902 3219 1993 3289 ἔτ’
2037 3224 2164 3308 ἐγώ
2210 3247 2285 3306 γε

271 3332 639 3417 κλαύσομαι
684 3330 758 3396 ἐν
803 3329 1124 3415 λεχέεσσι,
1182 3332 1384 3413 φίλον
1427 3330 1670 3411 θάλος,
1728 3329 1808 3394 ὃν
1852 3328 2045 3394 τέκον
2091 3328 2282 3410 αὐτή,

222 3486 225 3491 ι
261 3434 417 3520 ,οὐδ’
462 3439 700 3521 ἄλοχος
745 3437 1156 3521 πολύδωρος·
1205 3437 1455 3501 ἄνευθε
1503 3435 1581 3501 δέ
1622 3451 1696 3499 σε
1742 3433 1907 3518 μέγα
1950 3444 2118 3496 νῶιν

264 3539 579 3631 Ἀργείων
622 3543 800 3626 παρὰ
844 3540 1046 3624 νηυσὶ
1088 3543 1284 3619 κύνες
1327 3538 1551 3625 ταχέες
1594 3537 2042 3661 κατέδοντα*ι.“

1865 3640 1928 3689 13
