<?xml version="1.0" encoding="UTF-8"?>
<!DOCTYPE html PUBLIC "-//W3C//DTD XHTML 1.0 Transitional//EN"
    "http://www.w3.org/TR/xhtml1/DTD/xhtml1-transitional.dtd">
<html xmlns="http://www.w3.org/1999/xhtml" xml:lang="en" lang="en">
 <head>
  <title>
</title>
<meta http-equiv="Content-Type" content="text/html;charset=utf-8" />
  <meta name='ocr-system' content='tesseract 3.04.00' />
  <meta name='ocr-capabilities' content='ocr_page ocr_carea ocr_par ocr_line ocrx_word'/>
</head>
<body>
  <div class='ocr_page' id='page_1' title='image "./homeriilias00wolfgoog_0195.png"; bbox 0 0 2525 3884; ppageno 0'>
   <div class='ocr_carea' id='block_1_1' title="bbox 22 368 35 455">
    <p class='ocr_par' dir='ltr' id='par_1_1' title="bbox 22 368 35 455">
     <span class='ocr_line' id='line_1_1' title="bbox 22 368 31 385; baseline 0 -4"><span class='ocrx_word' id='word_1_1' title='bbox 22 368 31 385; x_wconf 86' lang='lat'>.</span> 
     </span>
     <span class='ocr_line' id='line_1_2' title="bbox 22 388 35 455; baseline 0 0"><span class='ocrx_word' id='word_1_2' title='bbox 22 388 35 455; x_wconf 59' lang='grc' dir='ltr'><strong><em>ι’-</em></strong></span> 
     </span>
    </p>
   </div>
   <div class='ocr_carea' id='block_1_2' title="bbox 1020 165 2274 233">
    <p class='ocr_par' dir='ltr' id='par_1_2' title="bbox 1020 165 2274 233">
     <span class='ocr_line' id='line_1_3' title="bbox 1020 165 2274 233; baseline 0.011 -14"><span class='ocrx_word' id='word_1_3' title='bbox 1020 165 1321 221; x_wconf 63' lang='grc' dir='ltr'><strong><em>ΙΔΙΑΔοΣ</em></strong></span> <span class='ocrx_word' id='word_1_4' title='bbox 1357 171 1502 222; x_wconf 77' lang='lat' dir='ltr'><strong>xxl.</strong></span> <span class='ocrx_word' id='word_1_5' title='bbox 2145 167 2274 233; x_wconf 83' lang='lat'><strong><em>183</em></strong></span> 
     </span>
    </p>
   </div>
   <div class='ocr_carea' id='block_1_3' title="bbox 230 306 2296 3576">
    <p class='ocr_par' dir='ltr' id='par_1_3' title="bbox 237 306 1993 399">
     <span class='ocr_line' id='line_1_4' title="bbox 237 306 1993 399; baseline -0.001 -19"><span class='ocrx_word' id='word_1_6' title='bbox 237 311 459 393; x_wconf 82' lang='grc' dir='ltr'><strong><em>ὑψόσ’</em></strong></span> <span class='ocrx_word' id='word_1_7' title='bbox 515 313 932 399; x_wconf 82' lang='grc' dir='ltr'><strong><em>ἀειρόμενος,</em></strong></span> <span class='ocrx_word' id='word_1_8' title='bbox 978 313 1297 395; x_wconf 82' lang='grc' dir='ltr'><strong><em>Σιμόεντι</em></strong></span> <span class='ocrx_word' id='word_1_9' title='bbox 1344 307 1417 377; x_wconf 72' lang='grc' dir='ltr'><strong><em>δὲ</em></strong></span> <span class='ocrx_word' id='word_1_10' title='bbox 1461 306 1704 378; x_wconf 79' lang='grc' dir='ltr'><strong><em>κέκλετ’</em></strong></span> <span class='ocrx_word' id='word_1_11' title='bbox 1758 310 1993 389; x_wconf 85' lang='grc' dir='ltr'><strong><em>ἀύσας·</em></strong></span> 
     </span>
    </p>

    <p class='ocr_par' dir='ltr' id='par_1_4' title="bbox 230 414 2283 1143">
     <span class='ocr_line' id='line_1_5' title="bbox 240 414 2039 505; baseline 0 -21"><span class='ocrx_word' id='word_1_12' title='bbox 240 422 464 504; x_wconf 91' lang='grc' dir='ltr'><strong><em>,,φίλε</em></strong></span> <span class='ocrx_word' id='word_1_13' title='bbox 510 422 894 502; x_wconf 79' lang='grc' dir='ltr'><strong><em>κασίγνητε,</em></strong></span> <span class='ocrx_word' id='word_1_14' title='bbox 939 416 1188 494; x_wconf 77' lang='grc' dir='ltr'><strong><em>σθένος</em></strong></span> <span class='ocrx_word' id='word_1_15' title='bbox 1231 414 1468 503; x_wconf 88' lang='grc' dir='ltr'><strong><em>ἀνέρος</em></strong></span> <span class='ocrx_word' id='word_1_16' title='bbox 1503 416 1876 505; x_wconf 87' lang='grc' dir='ltr'><strong><em>ἀμφότεροί</em></strong></span> <span class='ocrx_word' id='word_1_17' title='bbox 1914 440 2039 505; x_wconf 88' lang='grc' dir='ltr'><strong><em>περ</em></strong></span> 
     </span>
     <span class='ocr_line' id='line_1_6' title="bbox 230 518 2079 611; baseline -0.001 -20"><span class='ocrx_word' id='word_1_18' title='bbox 230 537 551 611; x_wconf 78' lang='grc' dir='ltr'><strong><em>σχῶμεν,</em></strong></span> <span class='ocrx_word' id='word_1_19' title='bbox 595 522 739 590; x_wconf 82' lang='grc' dir='ltr'><strong><em>ἐπεὶ</em></strong></span> <span class='ocrx_word' id='word_1_20' title='bbox 781 524 945 608; x_wconf 89' lang='grc' dir='ltr'><strong><em>τάχα</em></strong></span> <span class='ocrx_word' id='word_1_21' title='bbox 990 525 1156 589; x_wconf 77' lang='grc' dir='ltr'><strong><em>ἄστυ</em></strong></span> <span class='ocrx_word' id='word_1_22' title='bbox 1201 522 1368 607; x_wconf 90' lang='grc' dir='ltr'><strong><em>μέγα</em></strong></span> <span class='ocrx_word' id='word_1_23' title='bbox 1414 518 1748 610; x_wconf 84' lang='grc' dir='ltr'><strong><em>Πριάμοιο</em></strong></span> <span class='ocrx_word' id='word_1_24' title='bbox 1795 525 2079 602; x_wconf 77' lang='grc' dir='ltr'><strong><em>ἄνακτος</em></strong></span> 
     </span>
     <span class='ocr_line' id='line_1_7' title="bbox 233 626 2283 718; baseline -0.001 -20"><span class='ocrx_word' id='word_1_25' title='bbox 233 631 578 718; x_wconf 69' lang='grc' dir='ltr'><strong><em>ἐκπέρσει,</em></strong></span> <span class='ocrx_word' id='word_1_26' title='bbox 632 634 851 717; x_wconf 78' lang='grc' dir='ltr'><strong><em>Τρῶες</em></strong></span> <span class='ocrx_word' id='word_1_27' title='bbox 875 661 879 664; x_wconf 48' lang='lat'><strong>&gt;</strong></span> <span class='ocrx_word' id='word_1_28' title='bbox 901 626 975 695; x_wconf 75' lang='grc' dir='ltr'><strong><em>δὲ</em></strong></span> <span class='ocrx_word' id='word_1_29' title='bbox 1018 630 1182 695; x_wconf 78' lang='grc' dir='ltr'><strong><em>κατὰ</em></strong></span> <span class='ocrx_word' id='word_1_30' title='bbox 1226 631 1449 714; x_wconf 84' lang='grc' dir='ltr'><strong><em>μόθον</em></strong></span> <span class='ocrx_word' id='word_1_31' title='bbox 1496 630 1578 695; x_wconf 81' lang='grc' dir='ltr'><strong><em>οὐ</em></strong></span> <span class='ocrx_word' id='word_1_32' title='bbox 1622 628 1994 714; x_wconf 82' lang='grc' dir='ltr'><strong><em>μενέουσιν.</em></strong></span> <span class='ocrx_word' id='word_1_33' title='bbox 2176 646 2283 696; x_wconf 83' lang='grc'><strong><em>310</em></strong></span> 
     </span>
     <span class='ocr_line' id='line_1_8' title="bbox 234 734 2009 823; baseline -0.001 -19"><span class='ocrx_word' id='word_1_34' title='bbox 234 734 399 805; x_wconf 87' lang='grc' dir='ltr'><strong><em>ἀλλ’</em></strong></span> <span class='ocrx_word' id='word_1_35' title='bbox 455 737 745 822; x_wconf 75' lang='grc' dir='ltr'><strong><em>ἐπάμυνε</em></strong></span> <span class='ocrx_word' id='word_1_36' title='bbox 786 737 1057 821; x_wconf 87' lang='grc' dir='ltr'><strong><em>τάχιστα</em></strong></span> <span class='ocrx_word' id='word_1_37' title='bbox 1076 785 1097 821; x_wconf 96' lang='grc'><strong><em>,</em></strong></span> <span class='ocrx_word' id='word_1_38' title='bbox 1141 734 1252 801; x_wconf 87' lang='grc' dir='ltr'><strong><em>καὶ</em></strong></span> <span class='ocrx_word' id='word_1_39' title='bbox 1300 736 1714 821; x_wconf 80' lang='grc' dir='ltr'><strong><em>ἐμπίμπληθι</em></strong></span> <span class='ocrx_word' id='word_1_40' title='bbox 1760 735 2009 823; x_wconf 75' lang='grc' dir='ltr'><strong><em>ῥέεθρα</em></strong></span> 
     </span>
     <span class='ocr_line' id='line_1_9' title="bbox 235 838 2150 930; baseline 0 -21"><span class='ocrx_word' id='word_1_41' title='bbox 235 845 507 921; x_wconf 77' lang='grc' dir='ltr'><strong><em>ὕδατος</em></strong></span> <span class='ocrx_word' id='word_1_42' title='bbox 550 843 624 909; x_wconf 81' lang='grc' dir='ltr'><strong><em>ἐκ</em></strong></span> <span class='ocrx_word' id='word_1_43' title='bbox 665 841 953 927; x_wconf 79' lang='grc' dir='ltr'><strong><em>πηγέων,</em></strong></span> <span class='ocrx_word' id='word_1_44' title='bbox 998 843 1249 919; x_wconf 91' lang='grc' dir='ltr'><strong><em>πάντας</em></strong></span> <span class='ocrx_word' id='word_1_45' title='bbox 1295 838 1358 906; x_wconf 87' lang='grc' dir='ltr'><strong><em>δ’</em></strong></span> <span class='ocrx_word' id='word_1_46' title='bbox 1409 842 1752 930; x_wconf 83' lang='grc' dir='ltr'><strong><em>ὀρόθυνον</em></strong></span> <span class='ocrx_word' id='word_1_47' title='bbox 1798 843 2150 926; x_wconf 81' lang='grc' dir='ltr'><strong><em>ἐναύλους,</em></strong></span> 
     </span>
     <span class='ocr_line' id='line_1_10' title="bbox 236 944 2021 1036; baseline 0.001 -21"><span class='ocrx_word' id='word_1_48' title='bbox 236 950 408 1033; x_wconf 79' lang='grc' dir='ltr'><strong><em>ἵστη</em></strong></span> <span class='ocrx_word' id='word_1_49' title='bbox 458 945 532 1015; x_wconf 78' lang='grc' dir='ltr'><strong><em>δὲ</em></strong></span> <span class='ocrx_word' id='word_1_50' title='bbox 577 948 742 1034; x_wconf 89' lang='grc' dir='ltr'><strong><em>μέγα</em></strong></span> <span class='ocrx_word' id='word_1_51' title='bbox 786 958 981 1034; x_wconf 88' lang='grc' dir='ltr'><strong><em>κῦμα,</em></strong></span> <span class='ocrx_word' id='word_1_52' title='bbox 1027 950 1243 1013; x_wconf 86' lang='grc' dir='ltr'><strong><em>πολὺν</em></strong></span> <span class='ocrx_word' id='word_1_53' title='bbox 1291 944 1353 1011; x_wconf 83' lang='grc' dir='ltr'><strong><em>δ’</em></strong></span> <span class='ocrx_word' id='word_1_54' title='bbox 1405 949 1788 1035; x_wconf 78' lang='grc' dir='ltr'><strong><em>ὀρυμαγδὸν</em></strong></span> <span class='ocrx_word' id='word_1_55' title='bbox 1834 951 2021 1036; x_wconf 80' lang='grc' dir='ltr'><strong><em>ὄρινε</em></strong></span> 
     </span>
     <span class='ocr_line' id='line_1_11' title="bbox 239 1052 2037 1143; baseline -0.001 -21"><span class='ocrx_word' id='word_1_56' title='bbox 239 1065 526 1141; x_wconf 78' lang='grc' dir='ltr'><strong><em>φιτρῶν</em></strong></span> <span class='ocrx_word' id='word_1_57' title='bbox 568 1052 682 1119; x_wconf 86' lang='grc' dir='ltr'><strong><em>καὶ</em></strong></span> <span class='ocrx_word' id='word_1_58' title='bbox 726 1056 927 1138; x_wconf 90' lang='grc' dir='ltr'><strong><em>λάων,</em></strong></span> <span class='ocrx_word' id='word_1_59' title='bbox 965 1054 1077 1119; x_wconf 79' lang='grc' dir='ltr'><strong><em>ἵνα</em></strong></span> <span class='ocrx_word' id='word_1_60' title='bbox 1120 1055 1462 1139; x_wconf 80' lang='grc' dir='ltr'><strong><em>παύσομεν</em></strong></span> <span class='ocrx_word' id='word_1_61' title='bbox 1509 1056 1743 1143; x_wconf 74' lang='grc' dir='ltr'><strong><em>ἄγριον</em></strong></span> <span class='ocrx_word' id='word_1_62' title='bbox 1790 1057 2037 1142; x_wconf 80' lang='grc' dir='ltr'><strong><em>ἄνδρα,</em></strong></span> 
     </span>
    </p>

    <p class='ocr_par' dir='ltr' id='par_1_5' title="bbox 241 1155 2287 1670">
     <span class='ocr_line' id='line_1_12' title="bbox 241 1155 2287 1247; baseline 0 -21"><span class='ocrx_word' id='word_1_63' title='bbox 241 1161 331 1238; x_wconf 85' lang='grc' dir='ltr'><strong><em>ὃς</em></strong></span> <span class='ocrx_word' id='word_1_64' title='bbox 383 1161 468 1245; x_wconf 83' lang='grc' dir='ltr'><strong><em>δὴ</em></strong></span> <span class='ocrx_word' id='word_1_65' title='bbox 513 1169 642 1227; x_wconf 82' lang='grc' dir='ltr'><strong><em>νῦν</em></strong></span> <span class='ocrx_word' id='word_1_66' title='bbox 684 1160 973 1247; x_wconf 86' lang='grc' dir='ltr'><strong><em>κρατέει,</em></strong></span> <span class='ocrx_word' id='word_1_67' title='bbox 1018 1158 1306 1244; x_wconf 89' lang='grc' dir='ltr'><strong><em>μέμονεν</em></strong></span> <span class='ocrx_word' id='word_1_68' title='bbox 1355 1155 1416 1225; x_wconf 89' lang='grc' dir='ltr'><strong><em>δ’</em></strong></span> <span class='ocrx_word' id='word_1_69' title='bbox 1468 1160 1505 1225; x_wconf 78' lang='grc' dir='ltr'>ὅ</span> <span class='ocrx_word' id='word_1_70' title='bbox 1548 1184 1624 1244; x_wconf 90' lang='grc' dir='ltr'><strong><em>γε</em></strong></span> <span class='ocrx_word' id='word_1_71' title='bbox 1672 1156 1781 1226; x_wconf 85' lang='grc' dir='ltr'><strong><em>ἶσα</em></strong></span> <span class='ocrx_word' id='word_1_72' title='bbox 1824 1167 2108 1227; x_wconf 78' lang='grc' dir='ltr'><strong><em>θεοῖσιν.</em></strong></span> <span class='ocrx_word' id='word_1_73' title='bbox 2180 1176 2287 1226; x_wconf 78' lang='lat'><strong><em>315</em></strong></span> 
     </span>
     <span class='ocr_line' id='line_1_13' title="bbox 243 1261 2071 1353; baseline 0.001 -23"><span class='ocrx_word' id='word_1_74' title='bbox 243 1263 438 1351; x_wconf 77' lang='grc' dir='ltr'><strong><em>φημὶ</em></strong></span> <span class='ocrx_word' id='word_1_75' title='bbox 480 1267 607 1353; x_wconf 76' lang='grc' dir='ltr'><strong><em>γὰρ</em></strong></span> <span class='ocrx_word' id='word_1_76' title='bbox 654 1267 808 1332; x_wconf 80' lang='grc' dir='ltr'><strong><em>οὔτε</em></strong></span> <span class='ocrx_word' id='word_1_77' title='bbox 851 1269 1008 1350; x_wconf 84' lang='grc' dir='ltr'><strong><em>βίην</em></strong></span> <span class='ocrx_word' id='word_1_78' title='bbox 1051 1264 1542 1351; x_wconf 83' lang='grc' dir='ltr'><strong><em>χραισμησέμεν</em></strong></span> <span class='ocrx_word' id='word_1_79' title='bbox 1589 1265 1741 1330; x_wconf 77' lang='grc' dir='ltr'><strong><em>οὔτε</em></strong></span> <span class='ocrx_word' id='word_1_80' title='bbox 1785 1289 1849 1330; x_wconf 87' lang='grc' dir='ltr'><strong><em>τι</em></strong></span> <span class='ocrx_word' id='word_1_81' title='bbox 1893 1261 2071 1342; x_wconf 85' lang='grc' dir='ltr'><strong><em>εἶδος</em></strong></span> 
     </span>
     <span class='ocr_line' id='line_1_14' title="bbox 246 1371 2119 1458; baseline 0 -20"><span class='ocrx_word' id='word_1_82' title='bbox 246 1375 422 1439; x_wconf 80' lang='grc' dir='ltr'><strong><em>οὔτε</em></strong></span> <span class='ocrx_word' id='word_1_83' title='bbox 463 1375 545 1438; x_wconf 79' lang='grc' dir='ltr'><strong><em>τὰ</em></strong></span> <span class='ocrx_word' id='word_1_84' title='bbox 588 1374 820 1457; x_wconf 87' lang='grc' dir='ltr'><strong><em>τεύχεα</em></strong></span> <span class='ocrx_word' id='word_1_85' title='bbox 863 1372 1051 1456; x_wconf 90' lang='grc' dir='ltr'><strong><em>καλά,</em></strong></span> <span class='ocrx_word' id='word_1_86' title='bbox 1096 1372 1176 1436; x_wconf 87' lang='grc' dir='ltr'><strong><em>τά</em></strong></span> <span class='ocrx_word' id='word_1_87' title='bbox 1220 1392 1353 1436; x_wconf 89' lang='grc' dir='ltr'><strong><em>που</em></strong></span> <span class='ocrx_word' id='word_1_88' title='bbox 1398 1371 1572 1456; x_wconf 90' lang='grc' dir='ltr'><strong><em>μάλα</em></strong></span> <span class='ocrx_word' id='word_1_89' title='bbox 1615 1374 1838 1438; x_wconf 85' lang='grc' dir='ltr'><strong><em>νειόθι</em></strong></span> <span class='ocrx_word' id='word_1_90' title='bbox 1882 1375 2119 1458; x_wconf 88' lang='grc' dir='ltr'><strong><em>λίμνης</em></strong></span> 
     </span>
     <span class='ocr_line' id='line_1_15' title="bbox 245 1472 2154 1563; baseline -0.001 -18"><span class='ocrx_word' id='word_1_91' title='bbox 245 1472 519 1545; x_wconf 84' lang='grc' dir='ltr'><strong><em>κείσεθ’</em></strong></span> <span class='ocrx_word' id='word_1_92' title='bbox 570 1473 683 1543; x_wconf 80' lang='grc' dir='ltr'><strong><em>ὑπ’</em></strong></span> <span class='ocrx_word' id='word_1_93' title='bbox 738 1480 921 1554; x_wconf 77' lang='grc' dir='ltr'><strong><em>ἰλῦος</em></strong></span> <span class='ocrx_word' id='word_1_94' title='bbox 964 1475 1448 1563; x_wconf 87' lang='grc' dir='ltr'><strong><em>κεκαλυμμένα·</em></strong></span> <span class='ocrx_word' id='word_1_95' title='bbox 1492 1477 1620 1542; x_wconf 78' lang='grc' dir='ltr'><strong><em>κὰδ</em></strong></span> <span class='ocrx_word' id='word_1_96' title='bbox 1666 1476 1747 1543; x_wconf 86' lang='grc' dir='ltr'><strong><em>δέ</em></strong></span> <span class='ocrx_word' id='word_1_97' title='bbox 1785 1501 1901 1562; x_wconf 93' lang='grc' dir='ltr'><strong><em>μιν</em></strong></span> <span class='ocrx_word' id='word_1_98' title='bbox 1948 1477 2154 1543; x_wconf 85' lang='grc' dir='ltr'><strong><em>αὐτὸν</em></strong></span> 
     </span>
     <span class='ocr_line' id='line_1_16' title="bbox 251 1582 1889 1670; baseline -0.001 -19"><span class='ocrx_word' id='word_1_99' title='bbox 251 1586 506 1652; x_wconf 82' lang='grc' dir='ltr'><strong><em>εἰλύσω</em></strong></span> <span class='ocrx_word' id='word_1_100' title='bbox 553 1584 991 1668; x_wconf 73' lang='grc' dir='ltr'><strong><em>ψαμάθοισιν,</em></strong></span> <span class='ocrx_word' id='word_1_101' title='bbox 1029 1584 1176 1661; x_wconf 80' lang='grc' dir='ltr'><strong><em>ἅλις</em></strong></span> <span class='ocrx_word' id='word_1_102' title='bbox 1219 1582 1498 1669; x_wconf 78' lang='grc' dir='ltr'><strong><em>χέραδος</em></strong></span> <span class='ocrx_word' id='word_1_103' title='bbox 1541 1585 1889 1670; x_wconf 83' lang='grc' dir='ltr'><strong><em>περιχεύας</em></strong></span> 
     </span>
    </p>

    <p class='ocr_par' dir='ltr' id='par_1_6' title="bbox 252 1673 2290 1883">
     <span class='ocr_line' id='line_1_17' title="bbox 252 1673 2290 1778; baseline 0 -21"><span class='ocrx_word' id='word_1_104' title='bbox 252 1673 540 1778; x_wconf 82' lang='grc' dir='ltr'><strong><em>μυρίον,</em></strong></span> <span class='ocrx_word' id='word_1_105' title='bbox 587 1687 750 1756; x_wconf 81' lang='grc' dir='ltr'><strong><em>οὐδέ</em></strong></span> <span class='ocrx_word' id='word_1_106' title='bbox 790 1690 862 1755; x_wconf 75' lang='grc' dir='ltr'><strong><em>οἱ</em></strong></span> <span class='ocrx_word' id='word_1_107' title='bbox 900 1686 1071 1755; x_wconf 83' lang='grc' dir='ltr'><strong><em>ὀστέ’</em></strong></span> <span class='ocrx_word' id='word_1_108' title='bbox 1125 1689 1588 1774; x_wconf 81' lang='grc' dir='ltr'><strong><em>ἐπιστήσονται</em></strong></span> <span class='ocrx_word' id='word_1_109' title='bbox 1626 1688 1873 1776; x_wconf 82' lang='grc' dir='ltr'><strong><em>Ἀχαιοὶ</em></strong></span> <span class='ocrx_word' id='word_1_110' title='bbox 2184 1706 2290 1757; x_wconf 82' lang='grc'><strong><em>320</em></strong></span> 
     </span>
     <span class='ocr_line' id='line_1_18' title="bbox 252 1795 1935 1883; baseline -0.001 -19"><span class='ocrx_word' id='word_1_111' title='bbox 252 1795 557 1875; x_wconf 80' lang='grc' dir='ltr'><strong><em>ἀλλέξαι·</em></strong></span> <span class='ocrx_word' id='word_1_112' title='bbox 600 1798 848 1880; x_wconf 86' lang='grc' dir='ltr'><strong><em>τόσσην</em></strong></span> <span class='ocrx_word' id='word_1_113' title='bbox 896 1796 966 1860; x_wconf 77' lang='grc' dir='ltr'><strong><em>οἱ</em></strong></span> <span class='ocrx_word' id='word_1_114' title='bbox 1004 1797 1158 1861; x_wconf 76' lang='grc' dir='ltr'><strong><em>ἄσιν</em></strong></span> <span class='ocrx_word' id='word_1_115' title='bbox 1203 1798 1599 1883; x_wconf 88' lang='grc' dir='ltr'><strong><em>καθύπερθε</em></strong></span> <span class='ocrx_word' id='word_1_116' title='bbox 1641 1798 1935 1877; x_wconf 84' lang='grc' dir='ltr'><strong><em>καλύψω.</em></strong></span> 
     </span>
    </p>

    <p class='ocr_par' dir='ltr' id='par_1_7' title="bbox 256 1899 2075 2094">
     <span class='ocr_line' id='line_1_19' title="bbox 256 1899 2075 1989; baseline 0 -20"><span class='ocrx_word' id='word_1_117' title='bbox 256 1903 477 1969; x_wconf 84' lang='grc' dir='ltr'><strong><em>αὐτοῦ</em></strong></span> <span class='ocrx_word' id='word_1_118' title='bbox 523 1902 594 1968; x_wconf 77' lang='grc' dir='ltr'><strong><em>οἱ</em></strong></span> <span class='ocrx_word' id='word_1_119' title='bbox 621 1899 733 1967; x_wconf 86' lang='grc' dir='ltr'><strong><em>καὶ</em></strong></span> <span class='ocrx_word' id='word_1_120' title='bbox 777 1911 953 1987; x_wconf 83' lang='grc' dir='ltr'><strong><em>σῆμα</em></strong></span> <span class='ocrx_word' id='word_1_121' title='bbox 998 1900 1386 1986; x_wconf 83' lang='grc' dir='ltr'><strong><em>τετεύξεται,</em></strong></span> <span class='ocrx_word' id='word_1_122' title='bbox 1435 1903 1600 1970; x_wconf 83' lang='grc' dir='ltr'><strong><em>οὐδέ</em></strong></span> <span class='ocrx_word' id='word_1_123' title='bbox 1638 1907 1709 1967; x_wconf 87' lang='grc' dir='ltr'><strong><em>τί</em></strong></span> <span class='ocrx_word' id='word_1_124' title='bbox 1746 1927 1861 1988; x_wconf 90' lang='grc' dir='ltr'><strong><em>μιν</em></strong></span> <span class='ocrx_word' id='word_1_125' title='bbox 1905 1904 2075 1989; x_wconf 83' lang='grc' dir='ltr'><strong><em>χρεὼ</em></strong></span> 
     </span>
     <span class='ocr_line' id='line_1_20' title="bbox 261 2003 1982 2094; baseline -0.002 -18"><span class='ocrx_word' id='word_1_126' title='bbox 261 2013 457 2076; x_wconf 80' lang='grc' dir='ltr'><strong><em>ἔσται</em></strong></span> <span class='ocrx_word' id='word_1_127' title='bbox 499 2003 927 2093; x_wconf 83' lang='grc' dir='ltr'><strong><em>τυμβοχοῆσ’,</em></strong></span> <span class='ocrx_word' id='word_1_128' title='bbox 975 2008 1082 2073; x_wconf 83' lang='grc' dir='ltr'><strong><em>ὅτε</em></strong></span> <span class='ocrx_word' id='word_1_129' title='bbox 1125 2033 1242 2094; x_wconf 92' lang='grc' dir='ltr'><strong><em>μιν</em></strong></span> <span class='ocrx_word' id='word_1_130' title='bbox 1286 2009 1634 2074; x_wconf 86' lang='grc' dir='ltr'><strong><em>θάπτωσιν</em></strong></span> <span class='ocrx_word' id='word_1_131' title='bbox 1673 2003 1982 2094; x_wconf 81' lang='grc' dir='ltr'><strong><em>Ἀχαιοί.“</em></strong></span> 
     </span>
    </p>

    <p class='ocr_par' dir='ltr' id='par_1_8' title="bbox 256 2108 2294 2519">
     <span class='ocr_line' id='line_1_21' title="bbox 356 2108 2078 2199; baseline -0.001 -19"><span class='ocrx_word' id='word_1_132' title='bbox 356 2110 397 2198; x_wconf 79' lang='grc' dir='ltr'><strong><em>ἦ</em></strong></span> <span class='ocrx_word' id='word_1_133' title='bbox 443 2111 554 2180; x_wconf 88' lang='grc' dir='ltr'><strong><em>καὶ</em></strong></span> <span class='ocrx_word' id='word_1_134' title='bbox 599 2108 832 2199; x_wconf 79' lang='grc' dir='ltr'><strong><em>ἐπῶρτ’</em></strong></span> <span class='ocrx_word' id='word_1_135' title='bbox 881 2109 1130 2199; x_wconf 81' lang='grc' dir='ltr'><strong><em>Ἀχιλῆι</em></strong></span> <span class='ocrx_word' id='word_1_136' title='bbox 1173 2115 1554 2198; x_wconf 78' lang='grc' dir='ltr'><strong><em>κυκώμενος</em></strong></span> <span class='ocrx_word' id='word_1_137' title='bbox 1597 2114 1809 2191; x_wconf 84' lang='grc' dir='ltr'><strong><em>ὑψόσε</em></strong></span> <span class='ocrx_word' id='word_1_138' title='bbox 1852 2114 2078 2196; x_wconf 87' lang='grc' dir='ltr'><strong><em>θύων,</em></strong></span> 
     </span>
     <span class='ocr_line' id='line_1_22' title="bbox 258 2217 2294 2308; baseline -0.002 -22"><span class='ocrx_word' id='word_1_139' title='bbox 258 2221 634 2306; x_wconf 86' lang='grc' dir='ltr'><strong><em>μορμύρων</em></strong></span> <span class='ocrx_word' id='word_1_140' title='bbox 680 2218 872 2308; x_wconf 74' lang='grc' dir='ltr'><strong><em>ἀφρῷ</em></strong></span> <span class='ocrx_word' id='word_1_141' title='bbox 923 2242 994 2285; x_wconf 89' lang='grc' dir='ltr'><strong><em>τε</em></strong></span> <span class='ocrx_word' id='word_1_142' title='bbox 1037 2217 1149 2285; x_wconf 76' lang='grc' dir='ltr'><strong><em>καὶ</em></strong></span> <span class='ocrx_word' id='word_1_143' title='bbox 1197 2221 1420 2303; x_wconf 78' lang='grc' dir='ltr'><strong><em>αἵματι</em></strong></span> <span class='ocrx_word' id='word_1_144' title='bbox 1462 2218 1575 2285; x_wconf 86' lang='grc' dir='ltr'><strong><em>καὶ</em></strong></span> <span class='ocrx_word' id='word_1_145' title='bbox 1618 2219 1987 2284; x_wconf 87' lang='grc' dir='ltr'><strong><em>νεκύεσσιν.</em></strong></span> <span class='ocrx_word' id='word_1_146' title='bbox 2187 2234 2294 2288; x_wconf 70' lang='grc'><strong><em>325</em></strong></span> 
     </span>
     <span class='ocr_line' id='line_1_23' title="bbox 256 2323 1897 2412; baseline -0.001 -20"><span class='ocrx_word' id='word_1_147' title='bbox 256 2326 651 2411; x_wconf 81' lang='grc' dir='ltr'><strong><em>πορφύρεον</em></strong></span> <span class='ocrx_word' id='word_1_148' title='bbox 698 2323 758 2389; x_wconf 87' lang='grc' dir='ltr'><strong><em>δ’</em></strong></span> <span class='ocrx_word' id='word_1_149' title='bbox 813 2327 941 2411; x_wconf 77' lang='grc' dir='ltr'><strong><em>ἄρα</em></strong></span> <span class='ocrx_word' id='word_1_150' title='bbox 984 2335 1159 2412; x_wconf 87' lang='grc' dir='ltr'><strong><em>κῦμα</em></strong></span> <span class='ocrx_word' id='word_1_151' title='bbox 1208 2323 1533 2403; x_wconf 87' lang='grc' dir='ltr'><strong><em>διιπετέος</em></strong></span> <span class='ocrx_word' id='word_1_152' title='bbox 1576 2336 1897 2411; x_wconf 84' lang='grc' dir='ltr'><strong><em>ποταμοῖο</em></strong></span> 
     </span>
     <span class='ocr_line' id='line_1_24' title="bbox 260 2426 1895 2519; baseline 0.001 -22.002"><span class='ocrx_word' id='word_1_153' title='bbox 260 2426 477 2497; x_wconf 79' lang='grc' dir='ltr'><strong><em>ἵστατ’</em></strong></span> <span class='ocrx_word' id='word_1_154' title='bbox 528 2430 948 2518; x_wconf 86' lang='grc' dir='ltr'><strong><em>ἀειρόμενον,</em></strong></span> <span class='ocrx_word' id='word_1_155' title='bbox 993 2434 1159 2498; x_wconf 88' lang='grc' dir='ltr'><strong><em>κατα</em></strong></span> <span class='ocrx_word' id='word_1_156' title='bbox 1207 2427 1274 2498; x_wconf 86' lang='grc' dir='ltr'><strong><em>δ’</em></strong></span> <span class='ocrx_word' id='word_1_157' title='bbox 1325 2431 1479 2519; x_wconf 78' lang='grc' dir='ltr'><strong><em>ᾕρεε</em></strong></span> <span class='ocrx_word' id='word_1_158' title='bbox 1523 2435 1895 2516; x_wconf 83' lang='grc' dir='ltr'><strong><em>Πηλεΐωνα.</em></strong></span> 
     </span>
    </p>

    <p class='ocr_par' dir='ltr' id='par_1_9' title="bbox 248 2535 1727 2625">
     <span class='ocr_line' id='line_1_25' title="bbox 248 2535 1727 2625; baseline -0.001 -22"><span class='ocrx_word' id='word_1_159' title='bbox 248 2537 428 2625; x_wconf 84' lang='grc' dir='ltr'><strong><em>“Ἠρη</em></strong></span> <span class='ocrx_word' id='word_1_160' title='bbox 477 2535 550 2603; x_wconf 72' lang='grc' dir='ltr'><strong><em>δὲ</em></strong></span> <span class='ocrx_word' id='word_1_161' title='bbox 595 2535 737 2622; x_wconf 82' lang='grc' dir='ltr'><strong><em>μέγ’</em></strong></span> <span class='ocrx_word' id='word_1_162' title='bbox 794 2539 956 2603; x_wconf 80' lang='grc' dir='ltr'><strong><em>ἄυσε</em></strong></span> <span class='ocrx_word' id='word_1_163' title='bbox 999 2535 1433 2625; x_wconf 83' lang='grc' dir='ltr'><strong><em>περιδείσασ’</em></strong></span> <span class='ocrx_word' id='word_1_164' title='bbox 1451 2535 1727 2623; x_wconf 80' lang='grc' dir='ltr'><strong><em>Ἀχιλῆι,</em></strong></span> 
     </span>
    </p>

    <p class='ocr_par' dir='ltr' id='par_1_10' title="bbox 265 2641 1922 2730">
     <span class='ocr_line' id='line_1_26' title="bbox 265 2641 1922 2730; baseline 0.002 -22"><span class='ocrx_word' id='word_1_165' title='bbox 265 2648 356 2730; x_wconf 77' lang='grc' dir='ltr'><strong><em>μή</em></strong></span> <span class='ocrx_word' id='word_1_166' title='bbox 400 2668 517 2729; x_wconf 90' lang='grc' dir='ltr'><strong><em>μιν</em></strong></span> <span class='ocrx_word' id='word_1_167' title='bbox 563 2641 905 2728; x_wconf 87' lang='grc' dir='ltr'><strong><em>ἀποέρσειε</em></strong></span> <span class='ocrx_word' id='word_1_168' title='bbox 949 2641 1151 2728; x_wconf 87' lang='grc' dir='ltr'><strong><em>μέγας</em></strong></span> <span class='ocrx_word' id='word_1_169' title='bbox 1193 2645 1484 2730; x_wconf 88' lang='grc' dir='ltr'><strong><em>ποταμὸς</em></strong></span> <span class='ocrx_word' id='word_1_170' title='bbox 1530 2646 1922 2730; x_wconf 87' lang='grc' dir='ltr'><strong><em>βαθυδίνης.</em></strong></span> 
     </span>
    </p>

    <p class='ocr_par' dir='ltr' id='par_1_11' title="bbox 266 2747 2294 3046">
     <span class='ocr_line' id='line_1_27' title="bbox 268 2747 2294 2837; baseline 0.001 -21"><span class='ocrx_word' id='word_1_171' title='bbox 268 2751 502 2816; x_wconf 79' lang='grc' dir='ltr'><strong><em>αὐτίκα</em></strong></span> <span class='ocrx_word' id='word_1_172' title='bbox 548 2748 611 2815; x_wconf 89' lang='grc' dir='ltr'><strong><em>δ’</em></strong></span> <span class='ocrx_word' id='word_1_173' title='bbox 649 2747 1024 2835; x_wconf 67' lang='grc' dir='ltr'><strong><em>’Ἠφαιστον</em></strong></span> <span class='ocrx_word' id='word_1_174' title='bbox 1067 2752 1537 2836; x_wconf 79' lang='grc' dir='ltr'><strong><em>προσεφώνεεν</em></strong></span> <span class='ocrx_word' id='word_1_175' title='bbox 1583 2752 1664 2817; x_wconf 83' lang='grc' dir='ltr'><strong><em>ὃν</em></strong></span> <span class='ocrx_word' id='word_1_176' title='bbox 1711 2753 1914 2837; x_wconf 88' lang='grc' dir='ltr'><strong><em>φίλον</em></strong></span> <span class='ocrx_word' id='word_1_177' title='bbox 1959 2750 2138 2823; x_wconf 72' lang='grc' dir='ltr'><strong><em>υἱόν·</em></strong></span> <span class='ocrx_word' id='word_1_178' title='bbox 2185 2767 2294 2818; x_wconf 86' lang='grc'><strong><em>330</em></strong></span> 
     </span>
     <span class='ocr_line' id='line_1_28' title="bbox 266 2855 2166 2942; baseline -0.001 -21"><span class='ocrx_word' id='word_1_179' title='bbox 266 2858 543 2941; x_wconf 79' lang='grc' dir='ltr'><strong><em>,,ὄρσεο,</em></strong></span> <span class='ocrx_word' id='word_1_180' title='bbox 586 2855 1064 2939; x_wconf 89' lang='grc' dir='ltr'><strong><em>κυλλοπόδιον,</em></strong></span> <span class='ocrx_word' id='word_1_181' title='bbox 1110 2855 1271 2940; x_wconf 78' lang='grc' dir='ltr'><strong><em>ἐμὸν</em></strong></span> <span class='ocrx_word' id='word_1_182' title='bbox 1318 2856 1527 2935; x_wconf 88' lang='grc' dir='ltr'><strong><em>τέκος·</em></strong></span> <span class='ocrx_word' id='word_1_183' title='bbox 1575 2858 1740 2921; x_wconf 80' lang='grc' dir='ltr'><strong><em>ἄντα</em></strong></span> <span class='ocrx_word' id='word_1_184' title='bbox 1791 2856 1994 2921; x_wconf 89' lang='grc' dir='ltr'><strong><em>σέθεν</em></strong></span> <span class='ocrx_word' id='word_1_185' title='bbox 2039 2857 2166 2942; x_wconf 78' lang='grc' dir='ltr'><strong><em>γὰρ</em></strong></span> 
     </span>
     <span class='ocr_line' id='line_1_29' title="bbox 268 2956 1721 3046; baseline 0 -21"><span class='ocrx_word' id='word_1_186' title='bbox 268 2960 545 3035; x_wconf 76' lang='grc' dir='ltr'><strong><em>Ξάνθον</em></strong></span> <span class='ocrx_word' id='word_1_187' title='bbox 591 2962 901 3044; x_wconf 81' lang='grc' dir='ltr'><strong><em>δινήεντα</em></strong></span> <span class='ocrx_word' id='word_1_188' title='bbox 947 2960 1118 3046; x_wconf 75' lang='grc' dir='ltr'><strong><em>μάχῃ</em></strong></span> <span class='ocrx_word' id='word_1_189' title='bbox 1163 2960 1479 3046; x_wconf 82' lang='grc' dir='ltr'><strong><em>ἠίσκομεν</em></strong></span> <span class='ocrx_word' id='word_1_190' title='bbox 1523 2956 1721 3027; x_wconf 86' lang='grc' dir='ltr'><strong><em>εἶναι·</em></strong></span> 
     </span>
    </p>

    <p class='ocr_par' dir='ltr' id='par_1_12' title="bbox 268 3062 2224 3263">
     <span class='ocr_line' id='line_1_30' title="bbox 269 3062 2224 3152; baseline 0.001 -21"><span class='ocrx_word' id='word_1_191' title='bbox 269 3062 414 3131; x_wconf 86' lang='grc' dir='ltr'><strong><em>ἀλλ’</em></strong></span> <span class='ocrx_word' id='word_1_192' title='bbox 468 3066 757 3152; x_wconf 79' lang='grc' dir='ltr'><strong><em>ἐπάμυνε</em></strong></span> <span class='ocrx_word' id='word_1_193' title='bbox 801 3066 1096 3151; x_wconf 76' lang='grc' dir='ltr'><strong><em>τάχιστα,</em></strong></span> <span class='ocrx_word' id='word_1_194' title='bbox 1139 3067 1512 3152; x_wconf 88' lang='grc' dir='ltr'><strong><em>πιφαύσκεο</em></strong></span> <span class='ocrx_word' id='word_1_195' title='bbox 1559 3063 1634 3133; x_wconf 75' lang='grc' dir='ltr'><strong><em>δὲ</em></strong></span> <span class='ocrx_word' id='word_1_196' title='bbox 1681 3069 1905 3152; x_wconf 89' lang='grc' dir='ltr'><strong><em>φλόγα</em></strong></span> <span class='ocrx_word' id='word_1_197' title='bbox 1949 3071 2224 3152; x_wconf 82' lang='grc' dir='ltr'><strong><em>πολλήν.</em></strong></span> 
     </span>
     <span class='ocr_line' id='line_1_31' title="bbox 268 3170 1865 3263; baseline 0.001 -27"><span class='ocrx_word' id='word_1_198' title='bbox 268 3170 477 3257; x_wconf 82' lang='grc' dir='ltr'><strong><em>αὐτὰρ</em></strong></span> <span class='ocrx_word' id='word_1_199' title='bbox 522 3171 650 3255; x_wconf 76' lang='grc' dir='ltr'><strong><em>ἐγὼ</em></strong></span> <span class='ocrx_word' id='word_1_200' title='bbox 699 3173 1038 3263; x_wconf 76' lang='grc' dir='ltr'><strong><em>Ζεφύροιο</em></strong></span> <span class='ocrx_word' id='word_1_201' title='bbox 1082 3171 1195 3239; x_wconf 84' lang='grc' dir='ltr'><strong><em>καὶ</em></strong></span> <span class='ocrx_word' id='word_1_202' title='bbox 1243 3173 1564 3260; x_wconf 85' lang='grc' dir='ltr'><strong><em>ἀργεστᾶο</em></strong></span> <span class='ocrx_word' id='word_1_203' title='bbox 1612 3174 1865 3238; x_wconf 89' lang='grc' dir='ltr'><strong><em>Νότοιο</em></strong></span> 
     </span>
    </p>

    <p class='ocr_par' dir='ltr' id='par_1_13' title="bbox 268 3277 2296 3470">
     <span class='ocr_line' id='line_1_32' title="bbox 268 3277 2296 3365; baseline -0.001 -19"><span class='ocrx_word' id='word_1_204' title='bbox 268 3284 532 3362; x_wconf 79' lang='grc' dir='ltr'><strong><em>εἴσομαι</em></strong></span> <span class='ocrx_word' id='word_1_205' title='bbox 574 3277 643 3357; x_wconf 76' lang='grc' dir='ltr'><strong><em>ἐξ</em></strong></span> <span class='ocrx_word' id='word_1_206' title='bbox 691 3277 942 3345; x_wconf 79' lang='grc' dir='ltr'><strong><em>ἁλόθεν</em></strong></span> <span class='ocrx_word' id='word_1_207' title='bbox 985 3280 1278 3364; x_wconf 84' lang='grc' dir='ltr'><strong><em>χαλεπὴν</em></strong></span> <span class='ocrx_word' id='word_1_208' title='bbox 1323 3281 1618 3365; x_wconf 82' lang='grc' dir='ltr'><strong><em>ὄρσουσα</em></strong></span> <span class='ocrx_word' id='word_1_209' title='bbox 1662 3279 1991 3363; x_wconf 86' lang='grc' dir='ltr'><strong><em>θύελλαν,</em></strong></span> <span class='ocrx_word' id='word_1_210' title='bbox 2189 3293 2296 3344; x_wconf 77' lang='lat'><strong><em>335</em></strong></span> 
     </span>
     <span class='ocr_line' id='line_1_33' title="bbox 269 3382 1914 3470; baseline -0.002 -20"><span class='ocrx_word' id='word_1_211' title='bbox 269 3386 312 3468; x_wconf 77' lang='grc' dir='ltr'><strong><em>ἦ</em></strong></span> <span class='ocrx_word' id='word_1_212' title='bbox 357 3408 474 3450; x_wconf 90' lang='grc' dir='ltr'><strong><em>κεν</em></strong></span> <span class='ocrx_word' id='word_1_213' title='bbox 519 3384 646 3450; x_wconf 87' lang='grc' dir='ltr'><strong><em>ἀπὸ</em></strong></span> <span class='ocrx_word' id='word_1_214' title='bbox 700 3385 947 3470; x_wconf 83' lang='grc' dir='ltr'><strong><em>Τρώων</em></strong></span> <span class='ocrx_word' id='word_1_215' title='bbox 991 3387 1283 3470; x_wconf 80' lang='grc' dir='ltr'><strong><em>κεφαλὰς</em></strong></span> <span class='ocrx_word' id='word_1_216' title='bbox 1326 3382 1436 3450; x_wconf 87' lang='grc' dir='ltr'><strong><em>καὶ</em></strong></span> <span class='ocrx_word' id='word_1_217' title='bbox 1486 3384 1716 3468; x_wconf 88' lang='grc' dir='ltr'><strong><em>τεύχεα</em></strong></span> <span class='ocrx_word' id='word_1_218' title='bbox 1761 3387 1914 3467; x_wconf 80' lang='grc' dir='ltr'><strong><em>κήαι</em></strong></span> 
     </span>
    </p>

    <p class='ocr_par' dir='ltr' id='par_1_14' title="bbox 273 3484 2252 3576">
     <span class='ocr_line' id='line_1_34' title="bbox 273 3484 2252 3576; baseline -0.004 -20"><span class='ocrx_word' id='word_1_219' title='bbox 273 3488 532 3576; x_wconf 87' lang='grc' dir='ltr'><strong><em>φλέγμα</em></strong></span> <span class='ocrx_word' id='word_1_220' title='bbox 576 3490 782 3555; x_wconf 88' lang='grc' dir='ltr'><strong><em>κακὸν</em></strong></span> <span class='ocrx_word' id='word_1_221' title='bbox 828 3488 1186 3575; x_wconf 83' lang='grc' dir='ltr'><strong><em>φορέουσα.</em></strong></span> <span class='ocrx_word' id='word_1_222' title='bbox 1233 3493 1320 3556; x_wconf 87' lang='grc' dir='ltr'><strong><em>σὺ</em></strong></span> <span class='ocrx_word' id='word_1_223' title='bbox 1368 3485 1442 3554; x_wconf 71' lang='grc' dir='ltr'><strong><em>δὲ</em></strong></span> <span class='ocrx_word' id='word_1_224' title='bbox 1487 3489 1788 3563; x_wconf 75' lang='grc' dir='ltr'><strong><em>Ξάνθοιο</em></strong></span> <span class='ocrx_word' id='word_1_225' title='bbox 1834 3484 1988 3569; x_wconf 89' lang='grc' dir='ltr'><strong><em>παρ’</em></strong></span> <span class='ocrx_word' id='word_1_226' title='bbox 2041 3488 2252 3568; x_wconf 75' lang='grc' dir='ltr'><strong><em>ὄχθας</em></strong></span> 
     </span>
    </p>
   </div>
  </div>
 </body>
</html>
