2525 3884
286 204 411 269 122
1077 206 1378 258 ΙΑΙΑΔοΣ
1414 208 1477 260 Σ.

280 344 516 414 Αἴαντ’
561 348 937 432 ἰσχανέτην,
983 350 1072 426 ὥς
1115 372 1183 414 τε
1226 350 1416 435 πρὼν
1470 348 1723 434 ἰσχάνει
1765 349 1954 435 ὕδωρ

277 453 528 538 ὑλήεις,
574 456 831 520 πεδίοιο
878 456 1276 541 διαπρύσιον
1320 457 1714 541 τετυχηκώς,

280 563 354 639 ὅς
395 584 467 628 τε
509 558 619 627 καὶ
664 563 967 645 ἰφθίμων
1010 572 1323 646 ποταμῶν
1372 561 1676 644 ἀλεγεινὰ
1719 559 1964 647 ῥέεθρα

279 672 477 751 ἴσχει,
522 669 702 753 ἄφαρ
750 666 830 732 δέ
868 691 939 733 τε
981 676 1140 732 πᾶσι
1186 667 1349 749 ῥόον
1392 668 1704 732 πεδίονδε
1747 670 2019 750 τίθησιν
2165 682 2304 732 '750

276 774 565 853 πλάζων·
613 772 776 840 οὐδέ
813 777 885 838 τί
921 783 1063 857 μιν
1082 771 1317 839 σθένεϊ
1356 770 1640 858 ῥηγνῦσι
1685 772 1972 858 ῥέοντες·

278 904 369 957 ως
415 878 543 945 αἰεὶ
587 886 832 945 Αἴαντε
877 880 1110 1006 μάχην
1137 877 1456 964 ἀνέεργον
1501 879 1752 945 ὀπίσσω

285 988 558 1071 Τρώων·
604 986 676 1051 οἰ
717 982 777 1048 δ’
820 980 931 1070 αμ’
974 978 1241 1068 ἕποντο,
1291 986 1430 1049 δύω
1478 984 1538 1049 δ’
1581 984 1655 1050 έν
1699 996 1873 1050 τοῖσι
1917 950 2235 1070 μάλιστα,

277 1094 550 1168 Αἰνείας
590 1085 649 1154 τ’
694 1087 1107 1174 Ἀγχισιάδης
1149 1088 1260 1154 καὶ
1305 1091 1621 1175 φαίδιμος
1649 1087 1921 1176 ”Εκτωρ.

142 1224 145 1231 ·
274 1206 410 1261 τῶν
457 1191 544 1279 δ’,
591 1196 680 1272 ὥς
722 1218 792 1261 τε
838 1206 1073 1281 ψαρῶν
1116 1194 1322 1279 νέφος
1366 1198 1620 1282 ἔρχεται
1663 1193 1741 1280 ἠὲ
1783 1203 2099 1280 κολοιῶν,
2176 1212 2291 1262 755

278 1297 483 1368 οὖλον
526 1305 981 1386 κεκλήγοντες,
1027 1303 1135 1367 ὅτε
1177 1304 1546 1385 προΐδωσιν
1593 1305 1782 1368 ἰόντα

276 1412 536 1494 κίρκον,
583 1411 620 1475 ὅ
664 1433 734 1474 τε
781 1417 1088 1494 σμικρῇσι
1134 1412 1352 1492 φόνον
1397 1407 1585 1493 φέρει
1630 1408 2048 1493 ὀρνίθεσσιν,

278 1506 368 1591 ὦς
412 1512 516 1602 ἄρ’
559 1514 670 1581 ὑπ’
724 1517 960 1600 Αἰνεία
1005 1536 1075 1578 τε
1118 1511 1229 1577 καὶ
1256 1512 1521 1599 Ἕκτορι
1566 1523 1799 1600 κοῦροι
1838 1511 2115 1599 Ἀχαιῶν

277 1615 482 1709 οὖλον
525 1622 950 1704 κεκλήγοντες
994 1625 1175 1701 ἴσαν,
1221 1621 1514 1701 λήθοντο
1561 1616 1637 1685 δὲ
1679 1622 1948 1706 χάρμης.

277 1727 488 1790 πολλὰ
542 1722 617 1790 δὲ
658 1725 888 1808 τεύχεα
931 1725 1097 1788 καλὰ
1148 1722 1354 1788 πέσον
1398 1727 1557 1811 περί
1594 1719 1651 1789 τ’
1693 1726 1871 1808 άμφί
1906 1749 1976 1791 τε
2021 1727 2285 1812 τάφρον

279 1832 668 1916 φευγόντων
711 1833 1032 1912 Δαναῶν,
1078 1829 1371 1913 πολέμου
1418 1825 1482 1894 δ’
1524 1818 1606 1896 οὐ
1649 1830 1893 1914 γίγνετ’
1939 1833 2130 1919 ἐρωή.
2175 1849 2280 1900 761

960 2287 1459 2363 ΙΛΙΑΔΟΣ
1536 2290 1620 2362 Σ.
1689 2385 1692 2388 Α

1059 2512 1494 2579 ὁπλοποιία.

366 2646 455 2731 ὦς
499 2653 571 2718 οἱ
608 2650 730 2738 μὲν
774 2654 1107 2739 μάρναντο
1154 2652 1355 2737 δέμας
1396 2656 1606 2739 πυρὸς
1651 2653 2071 2740 αἰθομένοιο,
2145 2693 2150 2699 -

270 2759 641 2844 Ἀντίλοχος
686 2756 747 2826 δ’
792 2757 1040 2843 Ἀχιλῆι
1082 2760 1291 2837 πόδας
1334 2763 1532 2845 ταχὺς
1576 2762 1853 2845 ἄγγελος
1894 2756 2124 2845 ἦλθεν.

272 2870 394 2933 τὸν
439 2864 500 2932 δ’
546 2861 696 2952 εὗρε
738 2866 1156 2951 προπάροιθε
1199 2877 1374 2931 νεῶν
1419 2866 1957 2953 ὀρθοκραιράων,

275 2975 355 3039 τὰ
400 2968 749 3058 φρονέοντ’
793 2971 919 3035 ἀνὰ
963 2972 1217 3054 θυμόν,
1263 2970 1307 3034 ἃ
1352 2971 1433 3054 δὴ
1478 2970 1900 3056 τετελεσμένα
1943 2967 2087 3054 ἦεν·
2139 2996 2146 2999 “

275 3079 569 3164 ὀχθήσας
615 3075 676 3140 δ’
719 3078 847 3163 ἄρα
892 3072 1032 3142 εἷπε
1076 3077 1239 3162 πρὸς
1286 3076 1365 3141 ὃν
1410 3079 1820 3163 μεγαλήτορα
1864 3081 2116 3163 θυμόν·
2246 3097 2280 3144 5

275 3186 373 3268 »ὦ
419 3206 532 3268 μοι
577 3182 735 3265 ἐγώ,
780 3185 849 3246 τί
887 3178 943 3245 τ’
988 3179 1094 3266 ἄρ’
1137 3176 1293 3248 αὖτε
1336 3183 1502 3268 κάρη
1547 3185 1918 3267 κομόωντες
1956 3180 2204 3267 Ἀχαιοὶ

273 3286 516 3374 νηυσὶν
563 3290 668 3352 ἔπι
711 3286 1098 3353 κλονέονται
1138 3288 1521 3372 ἀτυζόμενοι
1565 3288 1853 3369 πεδίοιο;

273 3396 365 3480 μὴ
409 3395 494 3480 δή
536 3416 654 3480 μοι
693 3390 1006 3460 τελέσωσι
1049 3391 1202 3458 θεοὶ
1244 3393 1412 3459 κακὰ
1454 3394 1658 3476 κήδεα
1698 3400 1898 3481 θυμῷ
1911 3441 1933 3478 ,

276 3502 365 3578 ὥς
406 3499 570 3568 ποτέ
610 3523 723 3584 μοι
767 3500 979 3585 μήτηρ
1026 3498 1424 3584 διεπέφραδε
1468 3500 1585 3563 καί
1622 3520 1736 3582 μοι
1783 3501 1998 3564 ἔειπεν
