2525 3884
1018 217 1323 272 ΙΛῙΑΔΟΣ
1358 219 1511 271 xm.
2220 214 2263 279 5

246 360 485 437 πάντες
526 361 782 446 ἄριστοι
828 359 1047 438 ἐόντες
1092 361 1219 426 ἀνὰ
1264 363 1574 446 στρατόν·
1622 356 1769 426 οὐδ’
1820 359 1905 426 ἂν
1949 360 2077 443 ἐγώ
2121 382 2197 444 γε

246 464 445 550 ἀνδρὶ
487 468 929 550 μαχησαίμην,
976 467 1064 544 ὅς’
1092 491 1190 544 τις
1231 466 1547 551 πολέμοιο
1593 471 1826 552 μεθείη

245 572 490 654 λυγρὸς
533 572 688 637 ἐών·
733 573 895 657 ὑμῖν
941 570 1014 639 δὲ
1061 583 1480 657 νεμεσσῶμαι
1524 571 1673 658 περὶ
1717 581 1887 657 κῆρι.

246 669 301 742 ὦ
345 677 622 754 πέπονες
637 726 657 761 ,
700 679 864 762 τάχα
911 680 995 762 δή
1039 702 1104 744 τι
1147 680 1353 745 κακὸν
1397 682 1699 762 ποιήσετε
1744 683 1964 764 μεῖζον
2164 694 2262 745 120

245 784 400 868 τῇδε
447 785 880 870 μεθημοσύνῃ
895 805 910 821 ·
955 782 1098 850 ἀλλ’
1152 784 1226 850 ἐν
1275 782 1472 872 φρεσὶ
1516 784 1729 850 θέσθε
1775 783 2047 862 ἕκαστος

247 890 413 955 αἰδῶ
457 887 568 954 καὶ
610 888 901 974 νέμεσιν·
950 891 1033 974 δὴ
1078 892 1205 976 γὰρ
1251 889 1417 976 μέγα
1464 900 1680 968 νεῖκος
1723 892 1992 976 ὄρωρεν.

233 994 483 1079 Ἕκτωρ
531 996 613 1079 δὴ
660 998 836 1082 παρὰ
879 995 1081 1080 νηυσὶ
1126 998 1296 1081 βοὴν
1340 997 1593 1080 ἀγαθὸς
1637 1001 1964 1082 πολεμίζει

245 1105 589 1190 καρτερός,
636 1101 910 1188 ἔρρηξεν
956 1082 1031 1168 δὲ
1074 1104 1287 1180 πύλας
1330 1101 1441 1168 καὶ
1487 1105 1740 1189 μακρὸν
1785 1104 1967 1188 ὀχῆα.

338 1204 427 1286 ὧς
469 1209 554 1293 ῥα
598 1211 991 1275 κελευτιόων
1032 1211 1345 1294 γαιήοχος
1390 1204 1603 1296 ὦρσεν
1642 1208 1957 1294 Ἀχαιούς.
2164 1225 2264 1275 125

126 1376 131 1383 .
246 1313 419 1400 ἀμφὶ
463 1309 527 1378 δ’
578 1310 683 1401 ἄρ’
731 1321 1021 1392 Αἴαντας
1067 1316 1295 1393 δοιοὺς
1339 1316 1605 1381 ἵσταντο
1651 1317 1983 1402 φάλαγγες

246 1425 582 1507 καρτεραί,
630 1420 706 1498 ἃς
751 1419 892 1487 οὔτ’
945 1423 1029 1487 ἄν
1070 1445 1189 1486 κεν
1215 1420 1419 1508 ’Ἀρης
1465 1422 1771 1487 ὀνόσαιτο
1818 1422 2160 1506 μετελθὼν
2287 1493 2293 1499 ,

24 1565 53 1591 s
157 1590 167 1610 ,
249 1528 403 1593 οὔτε
445 1523 506 1593 κ’
552 1522 870 1611 Ἀθηναίη
918 1531 1265 1605 λαοσσόος·
1313 1529 1384 1593 οί
1420 1529 1548 1613 γὰρ
1593 1529 1850 1614 ἄριστοι

247 1633 630 1720 κρινθέντες
684 1635 911 1720 Τρῶάς
953 1657 1023 1700 τε
1066 1631 1177 1700 καὶ
1206 1632 1489 1717 Ἕκτορα
1537 1635 1688 1700 δῖον
1733 1636 2011 1719 ἔμιμνον

248 1738 619 1826 φράξαντες
667 1742 836 1825 δόρυ
884 1741 1100 1825 δουρί,
1147 1741 1348 1817 σάκος
1393 1741 1583 1824 σάκει·
1622 1742 2098 1829 προθελύμνῳ·
2164 1757 2267 1806 130

248 1844 443 1922 ἀσπὶς
488 1842 594 1932 ἄρ’
637 1842 859 1911 ἀσπίδ’
913 1847 1145 1931 ἔρειδε,
1190 1848 1392 1932 κόρυς
1435 1849 1662 1932 κόρυν,
1709 1846 1914 1932 ἀνέρα
1961 1840 2028 1911 δ’
2069 1846 2265 1931 ἀνήρ·

247 1961 472 2029 ψαῦον
517 1947 582 2017 δ’
635 1953 985 2036 ἱππόκομοι
1028 1954 1317 2034 κόρυθες
1362 1956 1715 2037 λαμπροῖσι
1761 1954 2078 2034 φάλοισιν

247 2060 612 2123 νευόντων·
657 2052 747 2134 ὥς
790 2055 1031 2122 πυκνοὶ
1076 2056 1448 2141 ἐφέστασαν
1493 2059 1897 2141 ἀλλήλοισιν.

250 2166 440 2248 ἔγχεα
486 2158 549 2228 δ’
599 2163 1000 2229 ἐπτύσσοντο
1045 2164 1428 2249 θρασειάων
1473 2164 1600 2229 ἀπὸ
1646 2174 1885 2249 χειρῶν

250 2268 560 2354 σειόμεν’·
589 2270 660 2334 οί
682 2263 742 2333 δ’
778 2271 935 2345 ἰθὺς
970 2271 1292 2354 φρόνεον,
1329 2268 1627 2353 μέμασαν
1664 2265 1739 2334 δὲ
1766 2269 2107 2354 μάχεσθαι.
2166 2287 2265 2336 185

295 2394 301 2401 ·
348 2378 563 2463 Τρῶες
610 2371 685 2440 δὲ
728 2376 1122 2462 προύτυψαν
1168 2374 1452 2456 ἀολλέες,
1495 2369 1654 2459 ἦρχε
1702 2373 1763 2439 δ’
1816 2373 1920 2461 ἄρ’
1957 2375 2210 2461 ’Ἕκτωρ

249 2481 560 2568 ἀντικρὺς
604 2483 885 2566 μεμαώς,
934 2481 1354 2563 ὀλοοίτροχος
1398 2479 1486 2557 ὣς
1530 2480 1657 2546 ἀπὸ
1703 2481 1970 2568 πέτρης,

250 2584 333 2653 ὅν
376 2611 445 2653 τε
489 2589 652 2653 κατὰ
698 2586 1031 2670 στεφάνης
1074 2587 1363 2670 ποταμὸς
1407 2586 1795 2674 χειμάρροος
1841 2588 2000 2672 ὤσῃ,

250 2692 451 2780 ῥήξας
496 2690 751 2781 ἀσπέτῳ
799 2694 1024 2780 ὄμβρῳ
1073 2690 1378 2767 ἀναιδέος
1422 2694 1662 2775 ἔχματα
1707 2689 1977 2776 πέτρης·

247 2801 372 2879 ὕψι
401 2796 462 2866 δ’
489 2800 946 2884 ἀναθρώσκων
974 2796 1252 2881 πέτεται,
1278 2796 1541 2863 κτυπέει
1570 2795 1650 2862 δέ
1670 2793 1743 2861 θ’
1770 2793 1881 2861 ὑπ’
1914 2798 2121 2864 αὐτοῦ
2168 2817 2267 2866 140

246 2907 406 2990 ὕλη·
453 2907 489 2972 ὁ
536 2901 602 2971 δ’
654 2906 1002 2990 ἀσφαλέως
1046 2903 1191 2970 θέει
1235 2905 1540 2988 ἔμπεδον,
1587 2895 1723 2979 εἷος
1767 2903 1982 2987 ἵκηται

250 3014 596 3079 ἰσόπεδον·
641 3014 788 3077 τότε
837 3005 898 3075 δ’
950 3011 1032 3075 οὔ
1077 3033 1141 3075 τι
1185 3011 1561 3075 κυλίνδεται
1608 3007 1967 3093 ἐσσύμενός
2009 3030 2160 3097 περ·

252 3113 341 3195 ὧς
370 3117 623 3203 Ἕκτωρ
669 3118 818 3194 εἵως
863 3112 985 3200 μὲν
1031 3116 1281 3181 ἀπείλει
1328 3115 1514 3202 μέχρι
1558 3115 1906 3198 θαλάσσης

249 3223 367 3305 ῥέα
414 3224 877 3290 διελεύσεσθαι
919 3226 1178 3298 κλισίας
1220 3219 1332 3287 καὶ
1376 3231 1540 3304 νῆας
1578 3216 1854 3306 Ἀχαιῶν

245 3331 554 3396 κτείνων·
600 3326 748 3394 ἀλλ’
802 3328 910 3394 ὅτε
957 3328 1040 3411 δὴ
1087 3335 1366 3412 πυκινῇς
1411 3326 1718 3413 ἐνέκυρσε
1765 3328 2121 3412 φάλαγξιν,
2168 3344 2266 3392 145

253 3445 375 3520 στῆ
420 3434 505 3519 ῥα
551 3428 701 3519 μάλ’
753 3433 1201 3518 ἐγχριμφθείς.
1285 3433 1356 3497 οἱ
1395 3429 1455 3496 δ’
1510 3432 1722 3496 ἀντίοι
1767 3422 1907 3504 υἷες
1945 3428 2258 3511 Ἀχαιῶν·

247 3543 609 3618 νύσσοντες
653 3539 914 3624 ξίφεσίν
956 3562 1027 3603 τε
1072 3536 1180 3602 καὶ
1228 3540 1487 3620 ἔγχεσιν
1532 3534 1965 3617 ἀμφιγύοισιν
