2525 3884
1026 171 1330 225 ΙΔΙΑΔΟΣ
1363 172 1506 226 XVI.
2159 171 2243 237 75

251 311 484 409 ᾄκρω,
527 311 946 398 ἐρευγόμενοι
992 315 1207 398 φόνον
1252 314 1549 399 αἵματος·
1595 314 1670 380 έν
1714 313 1796 381 δέ
1832 339 1904 382 τε
1946 317 2165 400 θυμὸς

250 420 561 500 στήθεσιν
603 420 889 504 ἄτρομός
931 418 1098 503 ἐστι,
1143 419 1590 505 περιστένεται
1636 420 1716 487 δέ
1753 444 1824 487 τε
1866 423 2145 507 γαστήρ·

248 533 417 588 τοῖοι
454 525 912 610 Μυρμιδόνων
956 525 1274 611 ἡγήτορες
1316 523 1436 609 ἡδὲ
1482 524 1792 611 μέδοντες

247 626 408 713 ἀμφ’
446 629 708 713 ἀγαθὸν
752 630 1132 716 θεράποντα
1175 631 1512 708 ποδώκεος
1556 634 1871 699 Αἰακίδαο
2141 652 2243 701 165

246 730 497 820 ῥώοντ’.
543 736 620 802 έν
666 732 727 802 δ’
771 737 899 822 ἄρα
941 747 1156 803 τοῖσιν
1201 736 1433 821 ἀρήιος
1475 735 1684 803 ἵστατ’
1718 732 2048 823 Ἀχιλλεὺς

248 841 539 928 ὀτρύνων
586 843 825 919 ἵππους
867 864 938 909 τε
982 841 1093 908 καὶ
1138 843 1379 929 ἀνέρας
1422 844 1839 923 ἀσπιδιώτας.

327 946 708 1033 πεντήκοντ’
750 944 922 1032 ἦσαν
964 958 1121 1034 νῆες
1162 953 1356 1034 θοαί,
1400 940 1557 1036 ᾗσιν
1593 947 1925 1037 Ἀχιλλεὺς

242 1053 307 1132 ἐς
358 1058 605 1141 Τροίην
649 1055 870 1138 ἡγεῖτο
918 1056 1234 1140 διίφιλος·
1281 1056 1356 1121 ἐν
1401 1053 1476 1122 δὲ
1520 1055 1757 1143 ἑκάστῃ

239 1158 621 1245 πεντήκοντ’
664 1163 824 1227 ἔσαν
868 1162 1108 1246 ἄνδρες
1152 1160 1258 1227 ἐπὶ
1302 1166 1564 1246 κληῖσιν
1611 1162 1884 1247 ἑταῖροι·
2144 1180 2245 1231 170

236 1266 432 1333 πέντε
477 1264 540 1333 δ’
583 1262 691 1352 ἄρ’
730 1266 1059 1352 ἡγεμόνας
1100 1270 1454 1350 ποιήσατο,
1498 1278 1641 1345 τοῖς
1680 1268 2096 1344 ἐπεποίθειν,

238 1377 621 1460 σημαίνειν,
667 1373 866 1451 αὐτὸς
910 1369 986 1440 δὲ
1029 1372 1195 1459 μέγα
1218 1372 1534 1459 κρατέων
1576 1376 1883 1458 ἤνασσεν.

234 1489 355 1565 τῆς
388 1477 512 1565 μὲν
555 1481 660 1562 ἰῆς
703 1481 924 1564 στιχὸς
963 1474 1145 1564 ἦρχε
1166 1477 1555 1558 Μενέσθιος
1597 1480 2048 1568 αίολοθώρηξ,

232 1587 386 1664 υίὸς
427 1589 822 1670 Σπερχειοῖο
867 1583 1190 1662 διιπετέος
1230 1595 1584 1670 ποταμοῖο,

233 1693 324 1759 ὃν
364 1691 507 1757 τέκε
551 1695 824 1775 Πηλῆος
865 1691 1171 1778 θυγάτηρ
1213 1692 1382 1775 καλὴ
1429 1694 1805 1780 Πολυδώρη
2147 1709 2247 1759 176
2333 1704 2340 1711 ’

232 1803 581 1886 Σπερχειῷ
626 1797 981 1883 ἀκάμαντι,
1022 1798 1195 1882 γυνὴ
1238 1804 1380 1886 θεῷ
1427 1799 1818 1883 εὐνηθεῖσα,

233 1905 449 1990 αὐτὰρ
495 1903 834 1987 ἐπίκλησιν
877 1904 1088 1991 Βώρῳ
1134 1906 1499 1991 Περιήρεος
1542 1898 1670 1989 υἷι,

238 2012 320 2088 ὃς
363 2005 425 2096 ῤ’
466 2010 856 2094 ἀναφανδὸν
901 2011 1121 2094 ὄπυιε,
1165 2011 1392 2095 πορὼν
1436 2010 1778 2096 ἀπερείσια
1820 2009 2002 2076 ἕδνα.

202 2124 357 2205 ,τῆς
403 2111 463 2180 δ’
506 2114 730 2202 ἑτέρης
764 2111 1096 2201 Ἐὔδωρος
1140 2115 1369 2202 ἀρήιος
1409 2116 1814 2201 ἡγεμόνευεν

237 2219 635 2308 παρθένιος,
677 2222 798 2286 τὸν
842 2223 1047 2288 ἔτικτε
1089 2230 1268 2309 χορῷ
1312 2222 1478 2305 καλὴ
1524 2223 1922 2305 Πολυμήλη,
2149 2240 2248 2289 180

246 2329 595 2405 Φύλαντος
629 2327 969 2424 θυγάτηρ·
1011 2336 1128 2411 τῆς
1173 2322 1251 2392 δέ
1290 2328 1535 2413 κρατὺς
1577 2326 2016 2413 ἀργεϊφόντης

241 2429 542 2522 ἠράσατ’,
590 2424 1044 2518 ὀφθαλμοῖσιν
1091 2432 1257 2498 ἰδὼν
1299 2434 1462 2516 μετὰ
1505 2432 1991 2518 μελπομένῃσιν

246 2540 322 2608 ἐν
366 2546 542 2628 χορῷ
560 2610 563 2613 ,
583 2536 961 2623 Ἀρτέμιδος
1003 2538 1503 2624 χρυσηλακάτου
1544 2539 1944 2622 κελαδεινῆς.

244 2647 476 2714 αὐτίκα
522 2638 584 2711 δ’
626 2645 721 2720 εἰς
761 2640 1007 2731 ὑπερῷ’
1058 2645 1308 2727 ἀναβὰς
1350 2642 1745 2729 παρελέξπο
1790 2645 2009 2731 λάθρῃ

236 2750 538 2838 Ἑρμείας
581 2748 897 2832 ἀκάκητα,
943 2751 1148 2836 πόρεν
1193 2747 1274 2814 δέ
1314 2749 1387 2815 οἱ
1424 2749 1673 2833 ἀγλαὸν
1715 2750 1869 2815 υἱὸν
2148 2768 2248 2818 185

241 2858 599 2939 Εὔδωρον,
642 2854 795 2942 πέρι
839 2852 962 2940 μὲν
1004 2858 1220 2921 θείειν
1262 2858 1471 2940 ταχὺν
1512 2852 1632 2939 ἠδὲ
1677 2858 1992 2941 μαχητήν.

248 2963 455 3049 αὐτὰρ
499 2958 639 3028 ἐπεὶ
686 2962 768 3046 δὴ
812 2963 932 3026 τόν
976 2984 1051 3044 γε
1095 2950 1499 3045 μογοστόκος
1542 2963 1899 3026 Εἰλείθυια

245 3069 515 3154 ἐξάγαγε
558 3069 687 3155 πρὸ
731 3068 1001 3152 φόωσδε
1043 3064 1154 3131 καὶ
1197 3066 1426 3150 ἠελίου
1470 3069 1616 3133 ἴδεν
1659 3067 1896 3151 αὐγάς,

243 3177 364 3260 τὴν
407 3172 530 3260 μὲν
565 3167 906 3259 Ἐχεκλῆος
947 3172 1269 3257 κρατερὸν
1313 3171 1511 3257 μένος
1547 3169 1930 3259 Ἀκτορίδαο

245 3281 522 3365 ἠγάγετο
564 3282 731 3366 πρὸς
777 3272 1050 3363 δώματ’,
1098 3275 1237 3343 ἐπεὶ
1280 3280 1442 3364 πόρε
1486 3281 1690 3363 μυρία
1735 3277 1926 3362 ἕδνα,
2150 3296 2247 3344 190

245 3388 362 3453 τὸν
407 3382 469 3451 δ’
513 3385 551 3451 ὁ
594 3384 810 3470 γέρων
858 3385 1085 3462 Φύλας
1128 3383 1207 3450 ἐὺ
1251 3387 1525 3470 ἔτρεφεν
1568 3380 1676 3467 ἠδ’
1720 3383 2092 3465 ἀτίταλλεν,

202 3542 215 3547 -
249 3493 874 3581 ἀμφαγαπαζόμενος
918 3491 1008 3567 ὡς
1052 3496 1119 3556 εἴ
1153 3486 1228 3554 θ’
1274 3488 1387 3556 ἑὸν
1430 3490 1584 3555 υἱὸν
1630 3488 1842 3552 έόντα.
