2525 3884
257 151 385 216 246
883 94 887 98 ’
1052 152 1353 206 ΙΛΙΑΔΟΣ
1390 152 1458 206 sz.

257 293 494 371 παιδὸς
538 294 730 380 ἐμοῦ·
776 293 914 361 ἐπεὶ
959 294 1042 360 οὔ
1088 293 1122 360 ἕ
1163 296 1590 379 κακιζόμενόν
1632 286 1709 373 γε
1751 291 2052 376 κατέκτα,
2353 372 2360 379 ¹

259 399 424 465 ἀλλὰ
467 401 595 487 πρὸ
650 402 896 485 Τρώων
939 397 1049 466 καὶ
1101 399 1461 487 Τρωιάδων
1507 401 1956 484 βαθυκόλπων
2158 414 2267 464 215

258 503 544 590 ἑστεῶτ’,
591 507 744 573 οὔτε
789 508 1010 591 φόβου
1054 503 1474 591 μεμνημένον
1520 501 1661 571 οὔτ’
1705 504 2061 588 ἀλεωρῆς.“

345 611 467 695 τὴν
498 596 577 676 Χδ’
621 607 777 678 αὖτε
821 609 1168 696 προσέειπε
1209 609 1428 696 γέρων
1474 613 1775 696 Πρίαμος
1818 610 2151 693 θεοειδής·

263 718 395 802 ,,μή
440 715 508 800 μ’
553 712 850 784 ἐθέλοντ’
893 714 1062 782 ἰέναι
1105 716 1536 799 κατερύκανε,
1582 713 1754 800 μηδέ
1792 738 1907 800 μοι
1949 714 2115 799 αὐτὴ

262 824 447 907 ὄρνις
491 821 593 888 ἐνὶ
637 818 981 908 μεγάροισι
1021 823 1220 909 κακὸς
1262 819 1490 887 πέλευ·
1538 818 1702 886 οὐδέ
1742 843 1822 904 με
1865 823 2127 897 πείσεις.

261 929 324 993 εἰ
366 924 487 1013 μὲν
530 928 657 1015 γάρ
702 931 802 1005 τίς
845 926 911 1013 μ’
955 929 1152 1006 ἄλλος
1195 926 1602 1013 ἐπιχθονίων
1648 925 1976 1009 ἐκέλευεν,
2162 941 2267 991 220

260 1031 301 1118 ἢ
346 1035 417 1098 οἳ
454 1032 718 1117 μάντιές
763 1035 891 1100 εἰσι
935 1035 1259 1099 θυοσκόοι
1303 1032 1344 1116 ἢ
1392 1033 1631 1118 ἱερῆες,

261 1139 506 1215 ψεῦδός
547 1161 663 1205 κεν
709 1149 954 1225 φαῖμεν
996 1137 1106 1205 καὶ
1150 1140 1631 1223 νοσφιζοίμεθα
1671 1142 1950 1223 μᾶλλον·
2013 1167 2024 1177 ’

261 1253 390 1309 νῦν
436 1241 498 1309 δ’
542 1244 740 1322 αὐτὸς
781 1247 907 1331 γὰρ
953 1246 1205 1311 ἄκουσα
1248 1251 1419 1309 θεοῦ
1470 1241 1582 1308 καὶ
1626 1241 1983 1328 ἐσέδρακον
2028 1243 2267 1325 ἄντην,

261 1344 395 1435 εἶμι
404 1397 425 1433 ,
470 1348 582 1415 καὶ
626 1350 748 1435 οὐχ
792 1350 983 1415 ἅλιον
1029 1353 1183 1427 ἔπος
1228 1352 1503 1416 ἔσσεται.
1582 1350 1646 1414 εἰ
1688 1348 1768 1413 δέ
1806 1371 1921 1433 μοι
1967 1343 2121 1414 αἶσα

191 1536 200 1545 .
260 1454 661 1540 τεθνάμεναι
704 1456 881 1541 παρὰ
923 1453 1166 1538 νηυσὶν
1204 1451 1480 1540 Ἀχαιῶν
1523 1454 2057 1539 χαλκοχιτώνων,
2162 1470 2267 1518 225

263 1544 615 1645 βούλομαι·
661 1560 894 1626 αὐτίκα
940 1561 1065 1646 γάρ
1111 1583 1192 1644 με
1235 1563 1714 1626 κατακτείνειεν
1754 1557 2084 1644 Ἀχιλλεὺς

264 1666 464 1749 ἀγκὰς
509 1660 718 1731 ἑλόντ’
763 1665 921 1749 ἐμὸν
965 1667 1146 1749 υἱόν,
1195 1665 1359 1748 ἐπὴν
1403 1666 1567 1749 γόου
1613 1664 1681 1743 ἐξ
1727 1667 1882 1751 ἔρον
1927 1665 2135 1749 εἴην.“

352 1766 394 1854 ἦ
438 1767 548 1836 καὶ
593 1780 960 1857 φωριαμῶν
1006 1771 1377 1856 ἐπιθήματα
1421 1766 1564 1837 κάλ’
1607 1769 1927 1859 ἀνέῳγεν·

270 1879 466 1943 ἔνθεν
514 1878 770 1943 δώδεκα
814 1873 936 1961 μὲν
980 1876 1405 1963 περικαλλέας
1448 1876 1621 1956 ἔξελε
1665 1874 1982 1961 πέπλους,

267 1983 520 2048 δώδεκα
567 1979 627 2049 δ’
672 1981 989 2061 ἁπλοΐδας
1030 1985 1332 2068 χλαίνας,
1376 1984 1657 2060 τόσσους
1702 1979 1776 2048 δὲ
1810 1983 2126 2067 τάπητας,
2164 2001 2271 2049 230

269 2089 468 2154 τόσσα
513 2084 588 2154 δὲ
633 2090 845 2174 φάρεα
890 2089 1084 2172 καλά,
1130 2091 1369 2166 τόσους
1414 2085 1474 2152 δ’
1519 2086 1624 2154 ἐπὶ
1667 2098 1841 2154 τοῖσι
1883 2099 2192 2173 χιτῶνας,

269 2195 548 2276 [χρυσοῦ
593 2189 666 2258 δὲ
712 2195 956 2276 στήσας
998 2194 1234 2277 ἔφερεν
1281 2191 1437 2258 δέκα
1480 2192 1693 2257 πάντα
1736 2194 2021 2259 τάλαντα
2032 2197 2081 2278 ,]

267 2297 339 2363 ἐκ
384 2294 458 2362 δὲ
504 2293 608 2362 δύ’
662 2301 957 2373 αἴθωνας
999 2299 1343 2383 τρίποδας,
1387 2299 1669 2383 πίσυρας
1714 2294 1790 2363 δὲ
1835 2297 2138 2384 λέβητας,

268 2403 339 2470 ἐκ
384 2399 457 2468 δὲ
504 2400 704 2480 δέπας
747 2400 1155 2487 περικαλλές,
1203 2403 1238 2467 ὅ
1287 2403 1358 2469 oc
1396 2407 1646 2490 Θρῇκες
1686 2404 1897 2489 πόρον
1941 2405 2182 2490 ἄνδρες

268 2508 522 2591 ἐξεσίην
566 2508 863 2590 ἐλθόντι,
910 2506 1074 2592 μέγα
1118 2507 1374 2593 κτέρας·
1421 2507 1584 2574 οὐδέ
1622 2533 1708 2574 νυ
1751 2517 1874 2574 τοῦ
1917 2533 2040 2597 περ
2164 2528 2269 2578 235

269 2607 525 2700 φείσατ’
571 2611 667 2680 ἐνὶ
711 2614 1021 2699 μεγάροις
1066 2614 1102 2680 ὁ
1147 2614 1394 2701 γέρων,
1440 2613 1590 2699 περὶ
1635 2612 1698 2680 δ’
1740 2616 1942 2699 ἤθελε
1984 2622 2182 2706 θυμῷ

267 2722 601 2787 λύσασθαι
646 2723 845 2803 φίλον
890 2720 1057 2785 υἱόν.
1148 2719 1185 2785 ὁ
1232 2718 1307 2786 δὲ
1361 2724 1586 2805 Τρῶας
1629 2717 1751 2804 μὲν
1795 2721 2085 2800 ἅπαντας

269 2827 595 2910 αἰθούσης
637 2824 953 2912 ἀπέεργεν
998 2820 1215 2891 ἔπεστ’
1259 2828 1629 2911 αἰσχροῖσιν
1675 2825 1986 2892 ἐνίσσων·

268 2933 561 3016 ,,ἐ’ρρετε,
607 2935 978 3017 λωβητῆρες
1023 2930 1339 3016 ἐλεγχέες·
1386 2933 1468 2997 οὔ
1511 2956 1597 2998 νυ
1640 2930 1748 2998 καὶ
1794 2932 1954 3016 ὑμῖν

271 3043 440 3104 οἴκοι
485 3041 696 3103 ἔνεστι
740 3039 925 3121 γόος,
973 3037 1074 3103 ὅτι
1119 3033 1187 3122 μ’
1230 3039 1471 3121 ἤλθετε
1514 3039 1939 3121 κηδήσοντεςς
2165 3053 2268 3102 240

268 3138 309 3226 ἧ
356 3140 704 3226 ὀνόσασθ’,
752 3143 853 3208 ὅτι
897 3167 1010 3227 μοι
1055 3145 1394 3229 Κρονίδης
1436 3146 1604 3221 Ζεὺς
1646 3141 1824 3228 ἄλγε’
1868 3143 2141 3226 ἔδωκεν,

270 3246 456 3314 παῖδ’
501 3248 725 3315 ὀλέσαι
767 3250 885 3314 τὸν
932 3249 1234 3334 ἅριστον;
1283 3248 1446 3334 ἀτὰρ
1489 3249 1835 3332 γνώσεσθε
1880 3245 1989 3313 καὶ
2032 3248 2267 3332 ὔμμες·

271 3352 560 3439 ρηίτεροι
603 3356 728 3440 γὰρ
774 3358 1025 3437 μᾶλλον
1063 3351 1420 3438 Ἀχαιοῖσιν
1467 3354 1548 3437 δὴ
1595 3356 1829 3419 ἔσεσθε

271 3463 495 3525 κείνου
539 3464 913 3537 τεθνηῶτος
956 3457 1315 3543 ἐναιρέμεν.
1404 3458 1611 3542 αὐτὰρ
1656 3458 1783 3540 ἐγώ
1827 3482 1935 3542 γε,
