<?xml version="1.0" encoding="UTF-8"?>
<!DOCTYPE html PUBLIC "-//W3C//DTD XHTML 1.0 Transitional//EN"
    "http://www.w3.org/TR/xhtml1/DTD/xhtml1-transitional.dtd">
<html xmlns="http://www.w3.org/1999/xhtml" xml:lang="en" lang="en">
 <head>
  <title>
</title>
<meta http-equiv="Content-Type" content="text/html;charset=utf-8" />
  <meta name='ocr-system' content='tesseract 3.04.00' />
  <meta name='ocr-capabilities' content='ocr_page ocr_carea ocr_par ocr_line ocrx_word'/>
</head>
<body>
  <div class='ocr_page' id='page_1' title='image "./homeriilias00wolfgoog_0179.png"; bbox 0 0 2525 3884; ppageno 0'>
   <div class='ocr_carea' id='block_1_1' title="bbox 1018 192 2254 261">
    <p class='ocr_par' dir='ltr' id='par_1_1' title="bbox 1018 192 2254 261">
     <span class='ocr_line' id='line_1_1' title="bbox 1018 192 2254 261; baseline 0.006 -10"><span class='ocrx_word' id='word_1_1' title='bbox 1018 200 1319 253; x_wconf 72' lang='grc' dir='ltr'><strong>ΙΜΑΔΟΣ</strong></span> <span class='ocrx_word' id='word_1_2' title='bbox 1354 201 1472 254; x_wconf 81' lang='lat' dir='ltr'><strong><em>xx.</em></strong></span> <span class='ocrx_word' id='word_1_3' title='bbox 2130 192 2254 261; x_wconf 80' lang='grc'><strong><em>167</em></strong></span> 
     </span>
    </p>
   </div>
   <div class='ocr_carea' id='block_1_2' title="bbox 224 334 2268 3602">
    <p class='ocr_par' dir='ltr' id='par_1_2' title="bbox 224 334 2261 2437">
     <span class='ocr_line' id='line_1_2' title="bbox 230 334 2261 428; baseline 0 -22"><span class='ocrx_word' id='word_1_4' title='bbox 230 334 333 420; x_wconf 80' lang='grc' dir='ltr'><strong><em>ἷξε</em></strong></span> <span class='ocrx_word' id='word_1_5' title='bbox 384 339 472 427; x_wconf 84' lang='grc' dir='ltr'><strong><em>δ’,</em></strong></span> <span class='ocrx_word' id='word_1_6' title='bbox 520 336 635 408; x_wconf 80' lang='grc' dir='ltr'><strong><em>ὅθ’</em></strong></span> <span class='ocrx_word' id='word_1_7' title='bbox 683 343 958 419; x_wconf 80' lang='grc' dir='ltr'><strong><em>Αἰνείας</em></strong></span> <span class='ocrx_word' id='word_1_8' title='bbox 999 336 1108 427; x_wconf 83' lang='grc' dir='ltr'><strong><em>ἠδ’</em></strong></span> <span class='ocrx_word' id='word_1_9' title='bbox 1158 341 1197 408; x_wconf 86' lang='grc' dir='ltr'><strong>ὁ</strong></span> <span class='ocrx_word' id='word_1_10' title='bbox 1240 344 1478 420; x_wconf 85' lang='grc' dir='ltr'><strong><em>κλυτὸς</em></strong></span> <span class='ocrx_word' id='word_1_11' title='bbox 1520 338 1639 427; x_wconf 76' lang='grc' dir='ltr'><strong><em>ᾖεν</em></strong></span> <span class='ocrx_word' id='word_1_12' title='bbox 1677 338 2023 428; x_wconf 90' lang='grc' dir='ltr'><strong><em>Ἀχιλλεύς.</em></strong></span> <span class='ocrx_word' id='word_1_13' title='bbox 2156 357 2261 407; x_wconf 80' lang='lat'><strong><em>820</em></strong></span> 
     </span>
     <span class='ocr_line' id='line_1_3' title="bbox 228 440 2095 537; baseline 0.001 -24"><span class='ocrx_word' id='word_1_14' title='bbox 228 448 474 514; x_wconf 85' lang='grc' dir='ltr'><strong><em>αὐτίκα</em></strong></span> <span class='ocrx_word' id='word_1_15' title='bbox 507 444 609 537; x_wconf 71' lang='grc' dir='ltr'><strong><em>’τῷ</em></strong></span> <span class='ocrx_word' id='word_1_16' title='bbox 656 444 778 533; x_wconf 69' lang='grc' dir='ltr'><strong><em>μὲν</em></strong></span> <span class='ocrx_word' id='word_1_17' title='bbox 823 450 1043 514; x_wconf 85' lang='grc' dir='ltr'><strong><em>ἔπειτα</em></strong></span> <span class='ocrx_word' id='word_1_18' title='bbox 1085 440 1227 515; x_wconf 88' lang='grc' dir='ltr'><strong><em>κατ’</em></strong></span> <span class='ocrx_word' id='word_1_19' title='bbox 1278 449 1649 533; x_wconf 79' lang='grc' dir='ltr'><strong><em>ὀφθαλμῶν</em></strong></span> <span class='ocrx_word' id='word_1_20' title='bbox 1693 448 1842 535; x_wconf 88' lang='grc' dir='ltr'><strong><em>χέεν</em></strong></span> <span class='ocrx_word' id='word_1_21' title='bbox 1886 447 2095 532; x_wconf 80' lang='grc' dir='ltr'><strong><em>ἀχλὺν</em></strong></span> 
     </span>
     <span class='ocr_line' id='line_1_4' title="bbox 230 550 1701 641; baseline 0.001 -22"><span class='ocrx_word' id='word_1_22' title='bbox 230 557 540 641; x_wconf 81' lang='grc' dir='ltr'><strong><em>Πηλεΐδῃ</em></strong></span> <span class='ocrx_word' id='word_1_23' title='bbox 577 550 851 639; x_wconf 79' lang='grc' dir='ltr'><strong><em>Ἀχιλῆι·</em></strong></span> <span class='ocrx_word' id='word_1_24' title='bbox 898 552 934 620; x_wconf 86' lang='grc' dir='ltr'>ὁ</span> <span class='ocrx_word' id='word_1_25' title='bbox 981 550 1057 619; x_wconf 68' lang='grc' dir='ltr'><strong><em>δὲ</em></strong></span> <span class='ocrx_word' id='word_1_26' title='bbox 1099 555 1335 638; x_wconf 79' lang='grc' dir='ltr'><strong><em>μελίην</em></strong></span> <span class='ocrx_word' id='word_1_27' title='bbox 1378 553 1701 640; x_wconf 86' lang='grc' dir='ltr'><strong><em>ἐύχαλκον</em></strong></span> 
     </span>
     <span class='ocr_line' id='line_1_5' title="bbox 226 659 1708 746; baseline 0.001 -22"><span class='ocrx_word' id='word_1_28' title='bbox 226 660 522 738; x_wconf 77' lang='grc' dir='ltr'><em>ἀσπίδος</em></span> <span class='ocrx_word' id='word_1_29' title='bbox 564 659 871 741; x_wconf 75' lang='grc' dir='ltr'><strong><em>ἐξέρυσεν</em></strong></span> <span class='ocrx_word' id='word_1_30' title='bbox 914 661 1359 746; x_wconf 78' lang='grc' dir='ltr'><strong><em>μεγαλήτορος</em></strong></span> <span class='ocrx_word' id='word_1_31' title='bbox 1401 660 1708 726; x_wconf 81' lang='grc' dir='ltr'><strong><em>Αἰνείαο·</em></strong></span> 
     </span>
     <span class='ocr_line' id='line_1_6' title="bbox 224 758 2067 851; baseline -0.001 -20"><span class='ocrx_word' id='word_1_32' title='bbox 224 765 348 831; x_wconf 82' lang='grc' dir='ltr'><strong><em>καὶ</em></strong></span> <span class='ocrx_word' id='word_1_33' title='bbox 392 768 518 851; x_wconf 82' lang='grc' dir='ltr'><strong><em>τὴν</em></strong></span> <span class='ocrx_word' id='word_1_34' title='bbox 561 763 684 850; x_wconf 75' lang='grc' dir='ltr'><strong><em>μὲν</em></strong></span> <span class='ocrx_word' id='word_1_35' title='bbox 727 765 1144 851; x_wconf 81' lang='grc' dir='ltr'><strong><em>προπάροιθε</em></strong></span> <span class='ocrx_word' id='word_1_36' title='bbox 1184 766 1417 830; x_wconf 83' lang='grc' dir='ltr'><strong><em>ποδῶν</em></strong></span> <span class='ocrx_word' id='word_1_37' title='bbox 1454 758 1749 850; x_wconf 76' lang='grc' dir='ltr'><strong><em>Ἀχιλῆος</em></strong></span> <span class='ocrx_word' id='word_1_38' title='bbox 1794 766 2067 849; x_wconf 76' lang='grc' dir='ltr'><strong><em>ἔθηκεν,</em></strong></span> 
     </span>
     <span class='ocr_line' id='line_1_7' title="bbox 227 867 2257 956; baseline -0.002 -17"><span class='ocrx_word' id='word_1_39' title='bbox 227 874 523 939; x_wconf 88' lang='grc' dir='ltr'><strong><em>Αἰνείαν</em></strong></span> <span class='ocrx_word' id='word_1_40' title='bbox 567 867 630 937; x_wconf 87' lang='grc' dir='ltr'><strong><em>δ’</em></strong></span> <span class='ocrx_word' id='word_1_41' title='bbox 680 874 950 937; x_wconf 80' lang='grc' dir='ltr'><strong><em>ἔσσευεν</em></strong></span> <span class='ocrx_word' id='word_1_42' title='bbox 994 869 1123 935; x_wconf 79' lang='grc' dir='ltr'><strong><em>ἀπὸ</em></strong></span> <span class='ocrx_word' id='word_1_43' title='bbox 1168 873 1418 956; x_wconf 85' lang='grc' dir='ltr'><strong><em>χθονὸς</em></strong></span> <span class='ocrx_word' id='word_1_44' title='bbox 1460 868 1655 951; x_wconf 65' lang='grc' dir='ltr'><strong><em>ὑψόσ*</em></strong></span> <span class='ocrx_word' id='word_1_45' title='bbox 1706 868 1946 956; x_wconf 82' lang='grc' dir='ltr'><strong><em>ἀείρας.</em></strong></span> <span class='ocrx_word' id='word_1_46' title='bbox 2155 885 2257 935; x_wconf 75' lang='lat'><strong><em>825</em></strong></span> 
     </span>
     <span class='ocr_line' id='line_1_8' title="bbox 225 973 2015 1060; baseline -0.001 -18"><span class='ocrx_word' id='word_1_47' title='bbox 225 978 489 1054; x_wconf 78' lang='grc' dir='ltr'><strong><em>πολλὰς</em></strong></span> <span class='ocrx_word' id='word_1_48' title='bbox 533 973 608 1042; x_wconf 75' lang='grc' dir='ltr'><strong><em>δὲ</em></strong></span> <span class='ocrx_word' id='word_1_49' title='bbox 653 977 874 1060; x_wconf 88' lang='grc' dir='ltr'><strong><em>στίχας</em></strong></span> <span class='ocrx_word' id='word_1_50' title='bbox 914 974 1185 1060; x_wconf 79' lang='grc' dir='ltr'><strong><em>ἡρώων,</em></strong></span> <span class='ocrx_word' id='word_1_51' title='bbox 1229 978 1477 1054; x_wconf 77' lang='grc' dir='ltr'><strong><em>πολλᾶς</em></strong></span> <span class='ocrx_word' id='word_1_52' title='bbox 1521 973 1598 1042; x_wconf 74' lang='grc' dir='ltr'><strong><em>δὲ</em></strong></span> <span class='ocrx_word' id='word_1_53' title='bbox 1641 974 1753 1042; x_wconf 80' lang='grc' dir='ltr'><strong><em>καὶ</em></strong></span> <span class='ocrx_word' id='word_1_54' title='bbox 1796 976 2015 1042; x_wconf 80' lang='grc' dir='ltr'><strong><em>’ἵππων</em></strong></span> 
     </span>
     <span class='ocr_line' id='line_1_9' title="bbox 227 1080 1903 1169; baseline 0 -22"><span class='ocrx_word' id='word_1_55' title='bbox 227 1085 518 1160; x_wconf 80' lang='grc' dir='ltr'><strong><em>Αἰνείας</em></strong></span> <span class='ocrx_word' id='word_1_56' title='bbox 558 1081 885 1166; x_wconf 80' lang='grc' dir='ltr'><strong><em>ὑπερᾶλτο</em></strong></span> <span class='ocrx_word' id='word_1_57' title='bbox 928 1088 1101 1147; x_wconf 83' lang='grc' dir='ltr'><strong><em>θεοῦ</em></strong></span> <span class='ocrx_word' id='word_1_58' title='bbox 1145 1080 1272 1147; x_wconf 83' lang='grc' dir='ltr'><strong><em>άπὸ</em></strong></span> <span class='ocrx_word' id='word_1_59' title='bbox 1317 1083 1535 1167; x_wconf 90' lang='grc' dir='ltr'><strong><em>χειρὸς</em></strong></span> <span class='ocrx_word' id='word_1_60' title='bbox 1580 1081 1903 1169; x_wconf 82' lang='grc' dir='ltr'><strong><em>ὀρούσας,</em></strong></span> 
     </span>
     <span class='ocr_line' id='line_1_10' title="bbox 228 1180 1738 1272; baseline 0 -20"><span class='ocrx_word' id='word_1_61' title='bbox 228 1180 331 1265; x_wconf 80' lang='grc' dir='ltr'><strong><em>ἷξε</em></strong></span> <span class='ocrx_word' id='word_1_62' title='bbox 374 1184 438 1252; x_wconf 90' lang='grc' dir='ltr'><strong><em>δ’</em></strong></span> <span class='ocrx_word' id='word_1_63' title='bbox 493 1182 590 1252; x_wconf 85' lang='grc' dir='ltr'><strong><em>ἐπ’</em></strong></span> <span class='ocrx_word' id='word_1_64' title='bbox 641 1186 949 1272; x_wconf 82' lang='grc' dir='ltr'><strong><em>ἐσχατιὴν</em></strong></span> <span class='ocrx_word' id='word_1_65' title='bbox 991 1187 1349 1265; x_wconf 75' lang='grc' dir='ltr'><strong><em>πολυάικος</em></strong></span> <span class='ocrx_word' id='word_1_66' title='bbox 1391 1185 1738 1271; x_wconf 83' lang='grc' dir='ltr'><strong><em>πολέμοιο,</em></strong></span> 
     </span>
     <span class='ocr_line' id='line_1_11' title="bbox 230 1292 1967 1379; baseline 0.001 -21"><span class='ocrx_word' id='word_1_67' title='bbox 230 1295 416 1358; x_wconf 82' lang='grc' dir='ltr'><strong><em>ἔνθα</em></strong></span> <span class='ocrx_word' id='word_1_68' title='bbox 457 1315 529 1358; x_wconf 90' lang='grc' dir='ltr'><strong><em>τε</em></strong></span> <span class='ocrx_word' id='word_1_69' title='bbox 572 1294 931 1370; x_wconf 83' lang='grc' dir='ltr'><strong><em>Καύκωνες</em></strong></span> <span class='ocrx_word' id='word_1_70' title='bbox 971 1295 1261 1378; x_wconf 85' lang='grc' dir='ltr'><strong><em>πόλεμον</em></strong></span> <span class='ocrx_word' id='word_1_71' title='bbox 1307 1292 1469 1379; x_wconf 88' lang='grc' dir='ltr'><strong><em>μέτα</em></strong></span> <span class='ocrx_word' id='word_1_72' title='bbox 1509 1294 1967 1377; x_wconf 80' lang='grc' dir='ltr'><strong><em>θωρήσσοντο.</em></strong></span> 
     </span>
     <span class='ocr_line' id='line_1_12' title="bbox 232 1394 2259 1487; baseline 0.001 -24"><span class='ocrx_word' id='word_1_73' title='bbox 232 1408 328 1487; x_wconf 71' lang='grc' dir='ltr'><strong><em>τῷ</em></strong></span> <span class='ocrx_word' id='word_1_74' title='bbox 382 1394 458 1464; x_wconf 74' lang='grc' dir='ltr'><strong><em>δὲ</em></strong></span> <span class='ocrx_word' id='word_1_75' title='bbox 491 1395 641 1483; x_wconf 88' lang='grc' dir='ltr'><strong><em>μάλ’</em></strong></span> <span class='ocrx_word' id='word_1_76' title='bbox 693 1398 982 1483; x_wconf 87' lang='grc' dir='ltr'><strong><em>ἐγγύθεν</em></strong></span> <span class='ocrx_word' id='word_1_77' title='bbox 1023 1394 1191 1483; x_wconf 83' lang='grc' dir='ltr'><strong><em>ἦλθε</em></strong></span> <span class='ocrx_word' id='word_1_78' title='bbox 1237 1397 1634 1463; x_wconf 78' lang='grc' dir='ltr'><strong><em>Ποσειδάων</em></strong></span> <span class='ocrx_word' id='word_1_79' title='bbox 1670 1397 2074 1485; x_wconf 79' lang='grc' dir='ltr'><strong><em>ἐνοσίχθων,</em></strong></span> <span class='ocrx_word' id='word_1_80' title='bbox 2155 1415 2259 1465; x_wconf 79' lang='grc'><strong><em>330</em></strong></span> 
     </span>
     <span class='ocr_line' id='line_1_13' title="bbox 225 1504 1895 1590; baseline 0.001 -20"><span class='ocrx_word' id='word_1_81' title='bbox 225 1507 361 1570; x_wconf 89' lang='grc' dir='ltr'><strong><em>καί</em></strong></span> <span class='ocrx_word' id='word_1_82' title='bbox 400 1528 516 1588; x_wconf 87' lang='grc' dir='ltr'><strong><em>μιν</em></strong></span> <span class='ocrx_word' id='word_1_83' title='bbox 561 1507 878 1589; x_wconf 85' lang='grc' dir='ltr'><strong><em>φωνήσας</em></strong></span> <span class='ocrx_word' id='word_1_84' title='bbox 921 1508 1077 1571; x_wconf 83' lang='grc' dir='ltr'><strong><em>ἔπεα</em></strong></span> <span class='ocrx_word' id='word_1_85' title='bbox 1120 1506 1478 1589; x_wconf 85' lang='grc' dir='ltr'><strong><em>πτερόεντα</em></strong></span> <span class='ocrx_word' id='word_1_86' title='bbox 1520 1504 1895 1590; x_wconf 79' lang='grc' dir='ltr'><strong><em>προσηύδα·</em></strong></span> 
     </span>
     <span class='ocr_line' id='line_1_14' title="bbox 231 1605 1837 1694; baseline 0 -18"><span class='ocrx_word' id='word_1_87' title='bbox 231 1612 561 1694; x_wconf 88' lang='grc' dir='ltr'><strong><em>,,Αἰνεία,</em></strong></span> <span class='ocrx_word' id='word_1_88' title='bbox 604 1612 704 1687; x_wconf 87' lang='grc' dir='ltr'><strong><em>τίς</em></strong></span> <span class='ocrx_word' id='word_1_89' title='bbox 748 1605 811 1675; x_wconf 87' lang='grc' dir='ltr'><strong><em>σ’</em></strong></span> <span class='ocrx_word' id='word_1_90' title='bbox 863 1605 992 1677; x_wconf 81' lang='grc' dir='ltr'><strong><em>ὧδε</em></strong></span> <span class='ocrx_word' id='word_1_91' title='bbox 1037 1616 1221 1676; x_wconf 87' lang='grc' dir='ltr'><strong><em>θεῶν</em></strong></span> <span class='ocrx_word' id='word_1_92' title='bbox 1265 1607 1542 1677; x_wconf 76' lang='grc' dir='ltr'><strong><em>ἀτέοντα</em></strong></span> <span class='ocrx_word' id='word_1_93' title='bbox 1584 1610 1837 1676; x_wconf 82' lang='grc' dir='ltr'><strong><em>κελεύει</em></strong></span> 
     </span>
     <span class='ocr_line' id='line_1_15' title="bbox 230 1716 1730 1803; baseline 0.001 -22"><span class='ocrx_word' id='word_1_94' title='bbox 230 1717 439 1783; x_wconf 84' lang='grc' dir='ltr'><strong><em>ἀντία</em></strong></span> <span class='ocrx_word' id='word_1_95' title='bbox 483 1718 867 1800; x_wconf 81' lang='grc' dir='ltr'><strong><em>Πηλεΐωνος</em></strong></span> <span class='ocrx_word' id='word_1_96' title='bbox 911 1716 1326 1803; x_wconf 81' lang='grc' dir='ltr'><strong><em>ὑπερθύμοιο</em></strong></span> <span class='ocrx_word' id='word_1_97' title='bbox 1371 1716 1730 1802; x_wconf 86' lang='grc' dir='ltr'><strong><em>μάχεσθαι,</em></strong></span> 
     </span>
     <span class='ocr_line' id='line_1_16' title="bbox 231 1820 2047 1909; baseline 0 -21"><span class='ocrx_word' id='word_1_98' title='bbox 231 1822 317 1901; x_wconf 83' lang='grc' dir='ltr'><strong><em>ὃς</em></strong></span> <span class='ocrx_word' id='word_1_99' title='bbox 365 1830 486 1888; x_wconf 82' lang='grc' dir='ltr'><strong><em>σεῦ</em></strong></span> <span class='ocrx_word' id='word_1_100' title='bbox 529 1823 661 1907; x_wconf 82' lang='grc' dir='ltr'><strong><em>ἅμα</em></strong></span> <span class='ocrx_word' id='word_1_101' title='bbox 702 1826 1028 1908; x_wconf 86' lang='grc' dir='ltr'><strong><em>κρείσσων</em></strong></span> <span class='ocrx_word' id='word_1_102' title='bbox 1071 1820 1183 1888; x_wconf 84' lang='grc' dir='ltr'><strong><em>καὶ</em></strong></span> <span class='ocrx_word' id='word_1_103' title='bbox 1227 1826 1536 1909; x_wconf 85' lang='grc' dir='ltr'><strong><em>φίλτερος</em></strong></span> <span class='ocrx_word' id='word_1_104' title='bbox 1579 1823 2047 1901; x_wconf 78' lang='grc' dir='ltr'><strong><em>ἀθανάτοισιν;</em></strong></span> 
     </span>
     <span class='ocr_line' id='line_1_17' title="bbox 233 1925 2261 2017; baseline -0.001 -23"><span class='ocrx_word' id='word_1_105' title='bbox 233 1925 391 1994; x_wconf 79' lang='grc' dir='ltr'><strong><em>ἀλλ’</em></strong></span> <span class='ocrx_word' id='word_1_106' title='bbox 445 1927 895 2015; x_wconf 79' lang='grc' dir='ltr'><strong><em>ἀναχωρῆσαι,</em></strong></span> <span class='ocrx_word' id='word_1_107' title='bbox 940 1930 1048 1995; x_wconf 79' lang='grc' dir='ltr'><strong><em>ὅτε</em></strong></span> <span class='ocrx_word' id='word_1_108' title='bbox 1092 1953 1208 1994; x_wconf 87' lang='grc' dir='ltr'><strong><em>κεν</em></strong></span> <span class='ocrx_word' id='word_1_109' title='bbox 1252 1931 1615 2013; x_wconf 87' lang='grc' dir='ltr'><strong><em>συμβλήεαι</em></strong></span> <span class='ocrx_word' id='word_1_110' title='bbox 1660 1929 1871 2017; x_wconf 76' lang='grc' dir='ltr'><strong><em>αὐτῷ,</em></strong></span> <span class='ocrx_word' id='word_1_111' title='bbox 2155 1941 2261 1992; x_wconf 77' lang='grc'><strong><em>336</em></strong></span> 
     </span>
     <span class='ocr_line' id='line_1_18' title="bbox 234 2030 1939 2120; baseline 0 -21"><span class='ocrx_word' id='word_1_112' title='bbox 234 2035 333 2120; x_wconf 86' lang='grc' dir='ltr'><strong><em>μὴ</em></strong></span> <span class='ocrx_word' id='word_1_113' title='bbox 379 2030 491 2099; x_wconf 84' lang='grc' dir='ltr'><strong><em>καὶ</em></strong></span> <span class='ocrx_word' id='word_1_114' title='bbox 533 2030 699 2119; x_wconf 74' lang='grc' dir='ltr'><strong><em>ὑπὲρ</em></strong></span> <span class='ocrx_word' id='word_1_115' title='bbox 745 2044 986 2119; x_wconf 81' lang='grc' dir='ltr'><strong><em>μοῖραν</em></strong></span> <span class='ocrx_word' id='word_1_116' title='bbox 1032 2035 1243 2118; x_wconf 83' lang='grc' dir='ltr'><strong><em>δόμον</em></strong></span> <span class='ocrx_word' id='word_1_117' title='bbox 1270 2032 1498 2112; x_wconf 79' lang='grc' dir='ltr'><strong><em>’Ἀιδος</em></strong></span> <span class='ocrx_word' id='word_1_118' title='bbox 1542 2037 1939 2118; x_wconf 90' lang='grc' dir='ltr'><strong><em>εἰσαφίκηαι.</em></strong></span> 
     </span>
     <span class='ocr_line' id='line_1_19' title="bbox 234 2135 2198 2225; baseline -0.001 -20"><span class='ocrx_word' id='word_1_119' title='bbox 234 2140 455 2225; x_wconf 80' lang='grc' dir='ltr'><strong><em>αὐτὰρ</em></strong></span> <span class='ocrx_word' id='word_1_120' title='bbox 504 2138 648 2205; x_wconf 88' lang='grc' dir='ltr'><strong><em>ἐπεί</em></strong></span> <span class='ocrx_word' id='word_1_121' title='bbox 684 2135 746 2204; x_wconf 88' lang='grc' dir='ltr'><strong><em>κ’</em></strong></span> <span class='ocrx_word' id='word_1_122' title='bbox 798 2139 1087 2224; x_wconf 84' lang='grc' dir='ltr'><strong><em>Ἀχιλεὺς</em></strong></span> <span class='ocrx_word' id='word_1_123' title='bbox 1129 2139 1432 2206; x_wconf 89' lang='grc' dir='ltr'><strong><em>θάνατον</em></strong></span> <span class='ocrx_word' id='word_1_124' title='bbox 1473 2136 1586 2207; x_wconf 86' lang='grc' dir='ltr'><strong><em>καὶ</em></strong></span> <span class='ocrx_word' id='word_1_125' title='bbox 1628 2140 1884 2222; x_wconf 83' lang='grc' dir='ltr'><strong><em>πότμον</em></strong></span> <span class='ocrx_word' id='word_1_126' title='bbox 1929 2138 2198 2224; x_wconf 75' lang='grc' dir='ltr'><strong><em>ἐπίσπῃ,</em></strong></span> 
     </span>
     <span class='ocr_line' id='line_1_20' title="bbox 234 2244 1956 2331; baseline 0 -20"><span class='ocrx_word' id='word_1_127' title='bbox 234 2247 593 2331; x_wconf 83' lang='grc' dir='ltr'><strong><em>θαρσήσας</em></strong></span> <span class='ocrx_word' id='word_1_128' title='bbox 638 2246 721 2329; x_wconf 86' lang='grc' dir='ltr'><strong><em>δὴ</em></strong></span> <span class='ocrx_word' id='word_1_129' title='bbox 768 2246 988 2311; x_wconf 77' lang='grc' dir='ltr'><strong><em>ἔπειτα</em></strong></span> <span class='ocrx_word' id='word_1_130' title='bbox 1034 2246 1194 2329; x_wconf 81' lang='grc' dir='ltr'><strong><em>μετὰ</em></strong></span> <span class='ocrx_word' id='word_1_131' title='bbox 1237 2246 1558 2330; x_wconf 81' lang='grc' dir='ltr'><strong><em>πρώτοισι</em></strong></span> <span class='ocrx_word' id='word_1_132' title='bbox 1602 2244 1956 2330; x_wconf 84' lang='grc' dir='ltr'><strong><em>μάχεσθαι·</em></strong></span> 
     </span>
     <span class='ocr_line' id='line_1_21' title="bbox 237 2345 1947 2437; baseline 0 -19"><span class='ocrx_word' id='word_1_133' title='bbox 237 2351 331 2418; x_wconf 84' lang='grc' dir='ltr'><strong><em>ού</em></strong></span> <span class='ocrx_word' id='word_1_134' title='bbox 378 2348 501 2434; x_wconf 73' lang='grc' dir='ltr'><strong><em>μὲν</em></strong></span> <span class='ocrx_word' id='word_1_135' title='bbox 544 2350 670 2436; x_wconf 91' lang='grc' dir='ltr'><strong><em>γάρ</em></strong></span> <span class='ocrx_word' id='word_1_136' title='bbox 714 2353 815 2428; x_wconf 90' lang='grc' dir='ltr'><strong><em>τίς</em></strong></span> <span class='ocrx_word' id='word_1_137' title='bbox 859 2346 921 2416; x_wconf 87' lang='grc' dir='ltr'><strong><em>σ’</em></strong></span> <span class='ocrx_word' id='word_1_138' title='bbox 971 2353 1170 2428; x_wconf 79' lang='grc' dir='ltr'><strong><em>ἄλλος</em></strong></span> <span class='ocrx_word' id='word_1_139' title='bbox 1207 2345 1485 2437; x_wconf 80' lang='grc' dir='ltr'><strong><em>Ἀχαιῶν</em></strong></span> <span class='ocrx_word' id='word_1_140' title='bbox 1529 2350 1947 2437; x_wconf 48' lang='grc' dir='ltr'><strong><em>ἐξεναρίξειὲς</em></strong></span> 
     </span>
    </p>

    <p class='ocr_par' dir='ltr' id='par_1_3' title="bbox 239 2451 2268 3602">
     <span class='ocr_line' id='line_1_22' title="bbox 335 2451 2262 2545; baseline 0.001 -23"><span class='ocrx_word' id='word_1_141' title='bbox 335 2451 425 2534; x_wconf 82' lang='grc' dir='ltr'><strong><em>ὦς</em></strong></span> <span class='ocrx_word' id='word_1_142' title='bbox 470 2458 673 2522; x_wconf 82' lang='grc' dir='ltr'><strong><em>εἰπὼν</em></strong></span> <span class='ocrx_word' id='word_1_143' title='bbox 716 2459 906 2523; x_wconf 87' lang='grc' dir='ltr'><strong><em>λίπεν</em></strong></span> <span class='ocrx_word' id='word_1_144' title='bbox 951 2452 1212 2541; x_wconf 82' lang='grc' dir='ltr'><strong><em>αὐτόθ’,</em></strong></span> <span class='ocrx_word' id='word_1_145' title='bbox 1259 2455 1400 2523; x_wconf 84' lang='grc' dir='ltr'><strong><em>ἐπεὶ</em></strong></span> <span class='ocrx_word' id='word_1_146' title='bbox 1445 2455 1844 2545; x_wconf 75' lang='grc' dir='ltr'><strong><em>διεπέφραδε</em></strong></span> <span class='ocrx_word' id='word_1_147' title='bbox 1878 2458 2110 2525; x_wconf 86' lang='grc' dir='ltr'><strong><em>πάντα.</em></strong></span> <span class='ocrx_word' id='word_1_148' title='bbox 2157 2473 2262 2524; x_wconf 78' lang='grc'><strong><em>840</em></strong></span> 
     </span>
     <span class='ocr_line' id='line_1_23' title="bbox 239 2557 2261 2651; baseline 0 -23"><span class='ocrx_word' id='word_1_149' title='bbox 239 2557 414 2642; x_wconf 82' lang='grc' dir='ltr'><strong><em>αἶψα</em></strong></span> <span class='ocrx_word' id='word_1_150' title='bbox 461 2561 523 2628; x_wconf 84' lang='grc' dir='ltr'><strong><em>δ’</em></strong></span> <span class='ocrx_word' id='word_1_151' title='bbox 575 2559 771 2630; x_wconf 81' lang='grc' dir='ltr'><strong><em>ἔπειτ’</em></strong></span> <span class='ocrx_word' id='word_1_152' title='bbox 815 2560 1109 2649; x_wconf 82' lang='grc' dir='ltr'><strong><em>Ἀχιλῆος</em></strong></span> <span class='ocrx_word' id='word_1_153' title='bbox 1153 2558 1268 2629; x_wconf 81' lang='grc' dir='ltr'><strong><em>ἀπ’</em></strong></span> <span class='ocrx_word' id='word_1_154' title='bbox 1319 2565 1691 2651; x_wconf 86' lang='grc' dir='ltr'><strong><em>ὀφθαλμῶν</em></strong></span> <span class='ocrx_word' id='word_1_155' title='bbox 1736 2559 2000 2631; x_wconf 84' lang='grc' dir='ltr'><strong><em>σκέδασ’</em></strong></span> <span class='ocrx_word' id='word_1_156' title='bbox 2051 2564 2261 2649; x_wconf 81' lang='grc' dir='ltr'><strong><em>ἀχλὺν</em></strong></span> 
     </span>
     <span class='ocr_line' id='line_1_24' title="bbox 244 2666 2094 2756; baseline 0 -22"><span class='ocrx_word' id='word_1_157' title='bbox 244 2672 615 2753; x_wconf 86' lang='grc' dir='ltr'><strong><em>θεσπεσίην</em></strong></span> <span class='ocrx_word' id='word_1_158' title='bbox 629 2690 646 2706; x_wconf 92' lang='grc'><strong><em>·</em></strong></span> <span class='ocrx_word' id='word_1_159' title='bbox 692 2670 728 2735; x_wconf 85' lang='grc' dir='ltr'><strong>ὁ</strong></span> <span class='ocrx_word' id='word_1_160' title='bbox 774 2666 837 2735; x_wconf 88' lang='grc' dir='ltr'><strong><em>δ’</em></strong></span> <span class='ocrx_word' id='word_1_161' title='bbox 889 2673 1108 2736; x_wconf 81' lang='grc' dir='ltr'><strong><em>ἔπειτα</em></strong></span> <span class='ocrx_word' id='word_1_162' title='bbox 1152 2666 1297 2756; x_wconf 86' lang='grc' dir='ltr'><strong><em>μέγ’</em></strong></span> <span class='ocrx_word' id='word_1_163' title='bbox 1347 2669 1562 2751; x_wconf 76' lang='grc' dir='ltr'><strong><em>ἔξιδεν</em></strong></span> <span class='ocrx_word' id='word_1_164' title='bbox 1609 2671 2094 2755; x_wconf 81' lang='grc' dir='ltr'><strong><em>ὀφθαλμοῖσιν,</em></strong></span> 
     </span>
     <span class='ocr_line' id='line_1_25' title="bbox 244 2772 2112 2863; baseline 0 -23"><span class='ocrx_word' id='word_1_165' title='bbox 244 2775 546 2861; x_wconf 87' lang='grc' dir='ltr'><strong><em>ὀχθήσας</em></strong></span> <span class='ocrx_word' id='word_1_166' title='bbox 590 2773 652 2841; x_wconf 85' lang='grc' dir='ltr'><strong><em>δ’</em></strong></span> <span class='ocrx_word' id='word_1_167' title='bbox 705 2776 834 2856; x_wconf 72' lang='grc' dir='ltr'><strong><em>ἄρα</em></strong></span> <span class='ocrx_word' id='word_1_168' title='bbox 877 2772 1017 2842; x_wconf 84' lang='grc' dir='ltr'><strong><em>εἰπε</em></strong></span> <span class='ocrx_word' id='word_1_169' title='bbox 1060 2777 1226 2861; x_wconf 88' lang='grc' dir='ltr'><strong><em>πρὸς</em></strong></span> <span class='ocrx_word' id='word_1_170' title='bbox 1272 2776 1352 2842; x_wconf 86' lang='grc' dir='ltr'><strong><em>ὃν</em></strong></span> <span class='ocrx_word' id='word_1_171' title='bbox 1396 2779 1809 2863; x_wconf 79' lang='grc' dir='ltr'><strong><em>μεγαλήτορα</em></strong></span> <span class='ocrx_word' id='word_1_172' title='bbox 1853 2777 2081 2860; x_wconf 86' lang='grc' dir='ltr'><strong><em>θυμόν</em></strong></span> <span class='ocrx_word' id='word_1_173' title='bbox 2097 2794 2112 2811; x_wconf 91' lang='grc'><strong><em>·</em></strong></span> 
     </span>
     <span class='ocr_line' id='line_1_26' title="bbox 247 2877 2204 2968; baseline 0 -22"><span class='ocrx_word' id='word_1_174' title='bbox 247 2880 350 2966; x_wconf 66' lang='grc' dir='ltr'><strong><em>»ὢ</em></strong></span> <span class='ocrx_word' id='word_1_175' title='bbox 395 2883 625 2964; x_wconf 87' lang='grc' dir='ltr'><strong><em>πόποι,</em></strong></span> <span class='ocrx_word' id='word_1_176' title='bbox 671 2877 713 2965; x_wconf 84' lang='grc' dir='ltr'><em>ἦ</em></span> <span class='ocrx_word' id='word_1_177' title='bbox 758 2878 923 2966; x_wconf 91' lang='grc' dir='ltr'><strong><em>μέγα</em></strong></span> <span class='ocrx_word' id='word_1_178' title='bbox 966 2887 1195 2967; x_wconf 87' lang='grc' dir='ltr'><strong><em>θαῦμα</em></strong></span> <span class='ocrx_word' id='word_1_179' title='bbox 1237 2877 1378 2948; x_wconf 86' lang='grc' dir='ltr'><strong><em>τόδ’</em></strong></span> <span class='ocrx_word' id='word_1_180' title='bbox 1430 2882 1882 2968; x_wconf 81' lang='grc' dir='ltr'><strong><em>ὀφθαλμοῖσιν</em></strong></span> <span class='ocrx_word' id='word_1_181' title='bbox 1928 2881 2204 2967; x_wconf 86' lang='grc' dir='ltr'><strong><em>ὁρῶμαι·</em></strong></span> 
     </span>
     <span class='ocr_line' id='line_1_27' title="bbox 248 2984 2262 3074; baseline 0.001 -23"><span class='ocrx_word' id='word_1_182' title='bbox 248 2990 444 3071; x_wconf 77' lang='grc' dir='ltr'><strong><em>ἔγχος</em></strong></span> <span class='ocrx_word' id='word_1_183' title='bbox 488 2984 610 3071; x_wconf 72' lang='grc' dir='ltr'><strong><em>μὲν</em></strong></span> <span class='ocrx_word' id='word_1_184' title='bbox 653 2989 808 3053; x_wconf 88' lang='grc' dir='ltr'><strong><em>τόδε</em></strong></span> <span class='ocrx_word' id='word_1_185' title='bbox 850 2997 1057 3053; x_wconf 81' lang='grc' dir='ltr'><strong><em>κεῖται</em></strong></span> <span class='ocrx_word' id='word_1_186' title='bbox 1100 2984 1208 3054; x_wconf 86' lang='grc' dir='ltr'><strong><em>ἐπὶ</em></strong></span> <span class='ocrx_word' id='word_1_187' title='bbox 1249 2991 1530 3074; x_wconf 82' lang='grc' dir='ltr'><strong><em>χθονός,</em></strong></span> <span class='ocrx_word' id='word_1_188' title='bbox 1578 2986 1742 3053; x_wconf 81' lang='grc' dir='ltr'><strong><em>οὐδέ</em></strong></span> <span class='ocrx_word' id='word_1_189' title='bbox 1780 3010 1845 3052; x_wconf 90' lang='grc' dir='ltr'><strong><em>τι</em></strong></span> <span class='ocrx_word' id='word_1_190' title='bbox 1890 2998 2077 3071; x_wconf 87' lang='grc' dir='ltr'><strong><em>φῶτα</em></strong></span> <span class='ocrx_word' id='word_1_191' title='bbox 2158 3003 2262 3054; x_wconf 78' lang='lat'><strong><em>345</em></strong></span> 
     </span>
     <span class='ocr_line' id='line_1_28' title="bbox 249 3091 1920 3181; baseline 0 -23"><span class='ocrx_word' id='word_1_192' title='bbox 249 3094 509 3158; x_wconf 88' lang='grc' dir='ltr'><strong><em>λεύσσω</em></strong></span> <span class='ocrx_word' id='word_1_193' title='bbox 522 3142 542 3177; x_wconf 99' lang='grc'><strong><em>,</em></strong></span> <span class='ocrx_word' id='word_1_194' title='bbox 587 3100 679 3181; x_wconf 76' lang='grc' dir='ltr'><strong><em>τῷ</em></strong></span> <span class='ocrx_word' id='word_1_195' title='bbox 726 3091 970 3179; x_wconf 89' lang='grc' dir='ltr'><strong><em>ἐφέηκα</em></strong></span> <span class='ocrx_word' id='word_1_196' title='bbox 1014 3091 1492 3178; x_wconf 77' lang='grc' dir='ltr'><strong><em>κατακτάμεναι</em></strong></span> <span class='ocrx_word' id='word_1_197' title='bbox 1536 3095 1920 3177; x_wconf 86' lang='grc' dir='ltr'><strong><em>μενεαίνων.</em></strong></span> 
     </span>
     <span class='ocr_line' id='line_1_29' title="bbox 252 3194 1878 3284; baseline 0 -20"><span class='ocrx_word' id='word_1_198' title='bbox 252 3194 294 3282; x_wconf 84' lang='grc' dir='ltr'><em>ἦ</em></span> <span class='ocrx_word' id='word_1_199' title='bbox 342 3197 429 3284; x_wconf 79' lang='grc' dir='ltr'><strong><em>ῥα</em></strong></span> <span class='ocrx_word' id='word_1_200' title='bbox 470 3196 581 3265; x_wconf 86' lang='grc' dir='ltr'><strong><em>καὶ</em></strong></span> <span class='ocrx_word' id='word_1_201' title='bbox 623 3201 896 3276; x_wconf 78' lang='grc' dir='ltr'><strong><em>Αἰνείας</em></strong></span> <span class='ocrx_word' id='word_1_202' title='bbox 941 3202 1134 3284; x_wconf 85' lang='grc' dir='ltr'><strong><em>φίλος</em></strong></span> <span class='ocrx_word' id='word_1_203' title='bbox 1178 3199 1573 3265; x_wconf 77' lang='grc' dir='ltr'><strong><em>ἀθανάτοισι</em></strong></span> <span class='ocrx_word' id='word_1_204' title='bbox 1613 3206 1878 3266; x_wconf 80' lang='grc' dir='ltr'><strong><em>θεοῖσιν</em></strong></span> 
     </span>
     <span class='ocr_line' id='line_1_30' title="bbox 252 3299 1931 3391; baseline 0.001 -22"><span class='ocrx_word' id='word_1_205' title='bbox 252 3299 399 3386; x_wconf 74' lang='grc' dir='ltr'><strong><em>ἦεν·</em></strong></span> <span class='ocrx_word' id='word_1_206' title='bbox 447 3303 609 3391; x_wconf 79' lang='grc' dir='ltr'><strong><em>ἀτάρ</em></strong></span> <span class='ocrx_word' id='word_1_207' title='bbox 654 3329 771 3390; x_wconf 90' lang='grc' dir='ltr'><strong><em>μιν</em></strong></span> <span class='ocrx_word' id='word_1_208' title='bbox 816 3309 988 3390; x_wconf 84' lang='grc' dir='ltr'><strong><em>ἔφην</em></strong></span> <span class='ocrx_word' id='word_1_209' title='bbox 1032 3306 1171 3390; x_wconf 79' lang='grc' dir='ltr'><strong><em>μὰψ</em></strong></span> <span class='ocrx_word' id='word_1_210' title='bbox 1217 3305 1432 3382; x_wconf 79' lang='grc' dir='ltr'><strong><em>αὔτως</em></strong></span> <span class='ocrx_word' id='word_1_211' title='bbox 1477 3304 1931 3390; x_wconf 80' lang='grc' dir='ltr'><strong><em>εὐχετάασθαι.</em></strong></span> 
     </span>
     <span class='ocr_line' id='line_1_31' title="bbox 254 3408 1809 3498; baseline 0 -24"><span class='ocrx_word' id='word_1_212' title='bbox 254 3408 523 3496; x_wconf 81' lang='grc' dir='ltr'><strong><em>ἐρρέτω·</em></strong></span> <span class='ocrx_word' id='word_1_213' title='bbox 569 3410 652 3474; x_wconf 78' lang='grc' dir='ltr'><strong><em>οὔ</em></strong></span> <span class='ocrx_word' id='word_1_214' title='bbox 697 3412 769 3476; x_wconf 79' lang='grc' dir='ltr'><strong><em>οἰ</em></strong></span> <span class='ocrx_word' id='word_1_215' title='bbox 802 3412 1025 3495; x_wconf 79' lang='grc' dir='ltr'><strong><em>θυμὸς</em></strong></span> <span class='ocrx_word' id='word_1_216' title='bbox 1067 3411 1222 3496; x_wconf 82' lang='grc' dir='ltr'><strong><em>ἐμεῦ</em></strong></span> <span class='ocrx_word' id='word_1_217' title='bbox 1268 3413 1363 3477; x_wconf 78' lang='grc' dir='ltr'><strong><em>ἔτι</em></strong></span> <span class='ocrx_word' id='word_1_218' title='bbox 1406 3417 1809 3498; x_wconf 87' lang='grc' dir='ltr'><strong><em>πειρηθῆναι</em></strong></span> 
     </span>
     <span class='ocr_line' id='line_1_32' title="bbox 253 3513 2268 3602; baseline -0.002 -21"><span class='ocrx_word' id='word_1_219' title='bbox 253 3516 542 3600; x_wconf 78' lang='grc' dir='ltr'><strong><em>ἔσσεται,</em></strong></span> <span class='ocrx_word' id='word_1_220' title='bbox 591 3515 663 3593; x_wconf 87' lang='grc' dir='ltr'><strong><em>ὃς</em></strong></span> <span class='ocrx_word' id='word_1_221' title='bbox 706 3513 817 3581; x_wconf 84' lang='grc' dir='ltr'><strong><em>καὶ</em></strong></span> <span class='ocrx_word' id='word_1_222' title='bbox 860 3525 988 3582; x_wconf 83' lang='grc' dir='ltr'><strong><em>νῦν</em></strong></span> <span class='ocrx_word' id='word_1_223' title='bbox 1033 3519 1247 3602; x_wconf 88' lang='grc' dir='ltr'><strong><em>φύγεν</em></strong></span> <span class='ocrx_word' id='word_1_224' title='bbox 1290 3515 1576 3601; x_wconf 78' lang='grc' dir='ltr'><strong><em>ἄσμενος</em></strong></span> <span class='ocrx_word' id='word_1_225' title='bbox 1620 3516 1692 3580; x_wconf 89' lang='grc' dir='ltr'><strong><em>ἐκ</em></strong></span> <span class='ocrx_word' id='word_1_226' title='bbox 1734 3513 2073 3578; x_wconf 90' lang='grc' dir='ltr'><strong><em>θανάτοιο.</em></strong></span> <span class='ocrx_word' id='word_1_227' title='bbox 2161 3527 2268 3576; x_wconf 82' lang='lat'><strong><em>350</em></strong></span> 
     </span>
    </p>
   </div>
  </div>
 </body>
</html>
