2525 3884
148 186 151 189 ’
245 184 374 254 104
706 250 712 259 ,
1037 132 1340 244 muoz}
1374 194 1434 245 Ρ.

242 334 436 416 δηίου
482 332 554 398 ἐκ
600 333 941 419 πολέμοιο,
988 333 1172 400 θέων
1220 331 1281 398 δ’
1318 334 1617 418 ἐκίχανεν
1663 333 1963 421 ἑταίρους

240 434 375 505 ὦκα
412 437 590 524 μάλ’,
628 441 710 505 οὔ
743 462 845 505 πω
881 446 1065 524 τῆλε,
1110 438 1266 506 ποσὶ
1301 448 1681 525 κραιπνοῖσι
1721 443 2097 525 μετασπών,
2142 461 2259 509 190

239 548 310 610 οἳ
346 544 540 631 προτὶ
584 548 747 612 ἄστυ
793 544 1008 633 φέρον
1051 547 1256 612 κλυτά
1298 547 1529 631 τεύχεα
1576 549 1975 630 Πηλεΐωνος.

237 653 393 730 στὰς
438 650 499 717 δ’
535 653 868 719 ἀπάνευθε
913 654 1119 738 μάχης
1162 653 1632 737 πολυδακρύου
1678 650 1843 718 ἔντε’
1878 655 2176 738 ἄμειβεν·
2251 708 2258 713 .

237 752 279 840 ἦ
322 781 427 823 τοι
472 758 509 824 ὁ
555 756 677 843 μὲν
720 761 802 824 τά
846 758 888 824 ἃ
934 760 1103 824 δῶκε
1148 757 1380 846 φέρειν
1424 756 1618 843 προτὶ
1644 757 1856 824 Ἴλιον
1906 759 2056 844 ἱρὴν

245 861 464 950 Τρωσὶ
508 863 1118 950 φιλοπτολέμοισιν,
1168 865 1203 930 ὁ
1252 861 1313 929 δ’
1349 866 1646 951 ἄμβροτα
1690 866 1920 949 τεύχεα
1967 867 2172 930 δῦνεν

238 971 579 1053 Πηλεΐδεω
631 965 952 1055 Ἀχιλῆος,
1000 971 1042 1035 ἄ
1088 971 1158 1036 oc
1194 968 1352 1037 θεοὶ
1398 970 1820 1055 Οὐρανίωνες
2137 989 2253 1038 195

238 1073 433 1161 πατρὶ
478 1079 650 1163 φίλῳ
698 1079 968 1162 ἔπορον·
1014 1076 1051 1142 ὁ
1090 1071 1151 1141 δ’
1186 1077 1314 1163 ἄρα
1359 1068 1412 1164 ᾧ
1457 1073 1648 1141 παιδὶ
1693 1078 1982 1143 ὄπασσεν
2293 1068 2298 1072 ’

236 1181 463 1268 γηράς·
510 1176 653 1247 ἀλλ’
686 1183 806 1267 οὐχ
851 1182 997 1260 υίὸς
1042 1181 1116 1248 ἐν
1161 1184 1376 1259 ἔντεσι
1420 1184 1664 1267 πατρὸς
1708 1181 1927 1268 ἐγήρα.

319 1287 439 1353 τὸν
486 1284 547 1353 δ’
582 1287 681 1373 ὡς,
717 1283 840 1354 οὖν
885 1288 1265 1354 ἀπάνευθεν
1313 1289 1457 1355 ἴδεν
1500 1287 1977 1373 νεφεληγερέτα
2021 1290 2197 1365 Ζεὺς

233 1395 490 1478 τεύχεσι
534 1396 870 1478 Πηλεΐδαο
914 1396 1410 1481 κορυσσόμενον
1454 1395 1703 1477 θείοιο,

233 1502 506 1584 κινήσας
550 1499 635 1585 ῥα
678 1500 845 1586 κάρη
891 1498 1085 1586 προτὶ
1122 1498 1202 1565 ὃν
1247 1501 1596 1584 μυθήσατο
1641 1502 1891 1584 θυμόν·
2129 1516 2245 1567 200

233 1600 322 1689 ,,ἀ
368 1600 553 1688 δείλ’,
603 1603 766 1671 οὐδέ
803 1607 875 1670 τί
913 1627 1016 1669 τοι
1058 1605 1356 1682 θάνατος
1399 1605 1804 1689 καταθύμιός
1851 1604 2058 1687 ἐστιν,

237 1712 310 1789 ὃς
358 1711 440 1796 δή
485 1734 590 1775 τοι
635 1712 873 1796 σχεδὸν
918 1705 1076 1792 εἶσι,
1125 1712 1210 1775 σὺ
1256 1707 1318 1774 δ’
1353 1711 1647 1796 ἄμβροτα
1690 1711 1920 1794 τεύχεα
1966 1712 2195 1788 δύνεις

234 1816 479 1903 ἀνδρὸς
523 1815 856 1901 ἀριστῆος,
902 1817 1021 1881 τόν
1065 1838 1134 1881 τε
1179 1813 1533 1901 τρομέουσι
1576 1813 1686 1880 καὶ
1730 1817 1935 1881 ἄλλοι.

231 1932 352 1989 τοῦ
401 1924 483 2007 δὴ
530 1921 791 2009 ἑταῖρον
838 1924 1114 2006 ἔπεφνες
1159 1920 1354 2006 ἐνηέα
1397 1944 1469 1987 τε
1510 1925 1832 2007 κρατερόν
1873 1945 1971 2005 τε,

232 2030 463 2115 τεύχεα
508 2022 569 2094 δ’
603 2028 685 2094 οὐ
720 2029 883 2093 κατὰ
916 2029 1168 2113 κόσμον
1204 2027 1331 2093 ἀπὸ
1368 2030 1605 2113 κρατός
1640 2052 1710 2099 τε
1745 2025 1855 2093 καὶ
1898 2029 2095 2111 ὤμων
2130 2044 2244 2094 205

233 2136 437 2201 εἵλευ·
483 2134 643 2220 ἀτάρ
686 2158 791 2200 τοι
834 2142 963 2200 νῦν
1007 2158 1082 2218 γε
1127 2131 1293 2219 μέγα
1338 2134 1575 2220 κράτος
1620 2133 1978 2217 ἐγγυαλίξω

231 2250 368 2306 τῶν
412 2243 684 2325 ποινήν,
731 2241 767 2306 δ
812 2263 917 2305 τοι
962 2239 1045 2304 οὔ
1088 2263 1153 2304 τι
1197 2239 1405 2324 μάχης
1453 2239 1921 2322 ἐκνοστήσαντι

235 2344 485 2426 δέξεται
522 2339 930 2431 Ἀνδρομάχη
976 2347 1180 2411 κλυτὰ
1222 2346 1453 2429 τεύχεα
1498 2345 1944 2429 Πηλεΐωνος.“

320 2446 363 2535 ἦ
407 2449 517 2517 καὶ
559 2449 917 2536 κυανέῃσιν
963 2449 1062 2517 ἐπ’
1098 2450 1346 2537 ὀφρύσι
1390 2459 1585 2517 νεῦσε
1627 2454 1971 2537 Κρονίων,

218 2551 481 2643 Ἕκτορι
519 2553 578 2622 δ’
613 2557 860 2641 ’ἥρμοσε
896 2554 1102 2640 τεύχε’
1139 2555 1245 2622 ἐπὶ
1281 2559 1458 2643 χροΐ,
1498 2558 1584 2622 δῦ
1620 2554 1700 2622 δέ
1739 2580 1855 2640 μιν
1890 2554 2094 2639 ’Ἄρης
2129 2571 2247 2622 210

231 2664 453 2740 δεινὸς
496 2661 824 2744 ἐνυάλιος,
871 2667 1171 2746 πλῆσθεν
1217 2656 1285 2727 δ’
1313 2664 1442 2749 ἄρα
1487 2662 1558 2727 οἱ
1596 2657 1769 2747 μέλε’
1805 2661 1988 2738 ἐντὸς

233 2769 432 2853 ἀλκῆς
475 2766 586 2834 καὶ
628 2766 920 2846 σθένεος.
1010 2769 1170 2853 μετὰ
1216 2766 1289 2835 δὲ
1333 2771 1628 2846 κλειτοὺς
1672 2768 2063 2853 ἐπικούρους

231 2878 316 2959 βῆ
362 2874 446 2960 ῥα
491 2871 655 2958 μέγα
701 2874 935 2958 ἰάχων,
985 2874 1327 2940 ἰνδάλλετο
1374 2873 1453 2941 δέ
1492 2891 1683 2959 σφισι
1719 2882 1918 2939 πᾶσιν

230 2980 490 3065 τεύχεσι
533 2982 946 3065 λαμπόμενος
991 2980 1384 3065 μεγαθύμου
1430 2982 1829 3064 Πηλεΐωνος.

234 3089 526 3171 ὤτρυνεν
573 3082 646 3151 δὲ
691 3084 968 3150 ἕκαστον
1014 3084 1437 3171 ἐποιχόμενος
1481 3083 1809 3168 ἐπέεσσιν,
2129 3102 2243 3153 215

231 3190 559 3275 Μέσθλην
609 3214 682 3257 τε
724 3176 1028 3256 Γλαῦκόν
1079 3214 1150 3257 τε
1193 3191 1510 3257 Μέδοντά
1560 3215 1631 3257 τε
1676 3193 2077 3276 Θερσίλοχόν
2133 3214 2244 3274 τε,

224 3295 689 3383 Ἀστεροπαῖόν
733 3320 804 3362 τε
848 3299 1229 3383 Δεισήνορά
1274 3293 1347 3362 θ’
1381 3294 1742 3362 Ἱππόθοόν
1785 3319 1886 3380 τε,

238 3405 505 3488 Φόρκυν
548 3428 618 3469 τε
663 3405 961 3489 Χρομίον
1005 3425 1077 3468 τε
1119 3400 1228 3482 καὶ
1255 3401 1591 3486 Ἔννομον
1638 3404 2020 3485 οἰωνιστήν·

228 3511 386 3587 τοὺς
431 3510 468 3575 ὅ
511 3506 575 3592 γ’
621 3508 1001 3595 ἐποτρύνων
1048 3510 1204 3574 ἔπεα
1247 3508 1601 3593 πτερόεντα
1644 3508 2018 3592 προσηύδα·
