2525 3884
978 208 1280 261 ιΛΙΑΔοΣ
1315 209 1518 260 xxm
2120 203 2247 269 237

233 352 551 435 δεύτερος
595 346 737 417 αὖτ’
791 349 1037 436 ἀφέηκε
1079 353 1410 428 Λεοντεὺς
1446 353 1592 430 ὄζος
1618 348 1893 436 Ἄρηος,

232 459 313 522 τὸ
340 461 584 542 τρίτον
631 452 775 522 αὖτ’
828 459 1055 543 ἔρριψε
1100 455 1302 541 μέγας
1352 457 1770 540 Τελαμώνιος
1815 461 1984 532 Αἴας

234 564 454 649 χειρὸς
499 564 627 628 ἄπο
676 565 1015 648 στιβαρῆς,
1060 559 1170 628 καὶ
1215 559 1546 647 ὑπέρβαλε
1592 564 1846 646 σήματα
1890 561 2174 626 πάντων.

235 664 382 733 ἀλλ’
435 669 542 733 ὅτε
589 668 671 751 δὴ
720 669 923 733 σόλον
960 657 1092 732 εἷλε
1137 667 1616 750 μενεπτόλεμος
1659 668 2112 750 Πολυποίτης,

238 775 445 840 ὅσσον
490 777 589 849 τίς
630 768 694 838 τ’
748 775 976 859 ἔρριψε
1021 773 1409 858 καλαύροπα
1453 774 1777 855 βουκόλος
1822 770 2024 857 ἀνήρ·
2153 787 2255 836 845

234 880 278 964 ἡ
329 879 409 945 δέ
446 876 518 944 θ’
570 877 960 963 ἑλισσομένη
1007 877 1265 943 πέτεται
1313 880 1424 944 διὰ
1469 881 1631 962 βοῦς
1677 876 2011 961 ἀγελαίας·

236 989 482 1051 τόσσον
526 985 772 1061 παντὸς
822 983 1082 1068 ἀγῶνος
1124 982 1486 1068 ὑπέρβαλε·
1530 982 1636 1049 τοὶ
1683 979 1757 1048 δὲ
1802 984 2072 1066 βόησαν.

241 1092 596 1168 ἀνστάντες
642 1084 703 1156 δ’
755 1089 978 1175 ἕταροι
1023 1092 1451 1155 Πολυποίταο
1494 1099 1843 1174 κρατεροῖο

238 1207 406 1282 νῆας
449 1199 554 1262 ἔπι
597 1197 945 1282 γλαφυρὰς
990 1197 1236 1281 ἔφερον
1284 1198 1596 1278 βασιλῆος
1640 1195 1910 1259 ἄεθλον.

332 1302 538 1387 αὐτὰρ
584 1302 621 1368 ὁ
668 1300 1010 1386 τοξευτῇσι
1051 1303 1231 1365 τίθει
1278 1301 1499 1365 ἰόεντα
1544 1301 1856 1383 σίδηρον,
2156 1316 2261 1366 850

241 1410 369 1474 κὰδ
416 1404 480 1473 δ’
533 1408 740 1474 ἐτίθει
786 1406 944 1473 δέκα
989 1402 1112 1492 μὲν
1156 1403 1494 1488 πελέκεας,
1542 1402 1700 1470 δέκα
1739 1404 1801 1470 δ’
1842 1403 2259 1490 ἡμιπέλεκκα,

244 1516 430 1580 ἰστὸν
477 1511 541 1579 δ’
596 1516 868 1597 ἔστησεν
911 1513 1075 1596 νηὸς
1108 1511 1617 1596 κυανοπρώροιο

242 1626 452 1704 τηλοῦ
496 1618 603 1686 ἐπὶ
644 1619 1017 1703 ψαμάθοις,
1065 1617 1136 1684 ἐκ
1182 1614 1256 1684 δὲ
1301 1620 1607 1704 τρήρωνα
1651 1616 1920 1684 πέλειαν

243 1733 443 1811 λεπτῇ
487 1727 797 1813 μηρίνθῳ
845 1726 1047 1808 δῆσεν
1091 1725 1318 1807 ποδός,
1364 1719 1442 1807 ἧς
1488 1720 1599 1809 ἄρ’
1653 1722 1935 1808 ἀνώγειν

243 1831 562 1911 τοξεύειν·
608 1830 726 1914 ,,ὃς
772 1828 893 1915 μέν
936 1853 1010 1895 κε
1056 1830 1222 1915 βάλῃ
1269 1833 1576 1917 τρήρωνα
1619 1829 1918 1912 πέλειαν,
2160 1844 2263 1894 855

244 1938 493 2015 πάντας
538 1937 924 2023 ἀειράμενος
967 1935 1274 2013 πελέκεας
1321 1936 1583 2001 οίκόνδε
1629 1933 1970 2021 φερέσθω·

247 2044 322 2120 ὃς
367 2040 447 2108 δέ
484 2066 556 2108 κε
601 2046 967 2128 μηρίνθοιο
1007 2042 1193 2128 τύχῃ,
1240 2044 1521 2126 ὄρνιθος
1567 2039 1907 2126 ἁμαρτών,

248 2150 473 2233 ἥσσων
516 2150 642 2234 γὰρ
690 2149 772 2231 δὴ
818 2158 1062 2230 κεῖνος,
1109 2147 1146 2214 ὁ
1194 2142 1288 2211 δ’.
1317 2152 1566 2212 οἴσεται
1608 2143 2068 2228 ἡμιπέλεκκα.“

338 2250 427 2332 ὧς
471 2249 684 2339 ἔφατ’,
733 2249 904 2337 ὦρτο
950 2250 1014 2319 δ’
1068 2255 1288 2318 ἔπειτα
1334 2254 1445 2335 βίη
1500 2251 1818 2334 Τεύκροιο
1866 2251 2174 2333 ἄνακτος,

248 2359 334 2426 ἂν
381 2356 443 2425 δ’
494 2361 621 2441 ἄρα
666 2361 1017 2443 Μηριόνης
1061 2358 1380 2442 θεράπων
1423 2356 1537 2433 ἐὺς
1574 2351 1964 2441 Ἰδομενῆος.
2160 2372 2265 2422 860

248 2468 533 2550 κλήρους
568 2460 630 2531 δ’
683 2465 758 2531 έν
800 2463 1004 2551 κυνέῃ
1050 2466 1367 2549 χαλκήρεϊ
1404 2462 1658 2528 πάλλον
1705 2460 1985 2545 ἑλόντες,

257 2575 544 2657 Τεῦκρος
590 2568 664 2637 δὲ
707 2581 963 2652 πρῶτος
1008 2573 1228 2657 κλήρῳ
1277 2569 1491 2653 λάχεν.
1540 2567 1774 2634 αὐτίκα
1821 2563 1883 2634 δ’
1938 2569 2043 2633 ἰὸν

250 2672 409 2762 ἧκεν
454 2675 868 2762 ἐπικρατέως,
909 2670 1054 2742 οὐδ’
1106 2676 1460 2759 ἠπείλησεν
1507 2675 1739 2740 ἄνακτι

253 2783 479 2866 ἀρνῶν
521 2785 968 2869 πρωτογόνων
1015 2781 1229 2868 ῥέξειν
1274 2781 1538 2863 κλειτὴν
1583 2778 1975 2863 ἑκατόμβην·

253 2891 532 2974 ὄρνιθος
569 2885 690 2974 μὲν
727 2888 1003 2972 ἅμαρτε·
1042 2886 1284 2971 μέγηρε
1318 2886 1445 2971 γάρ
1484 2886 1555 2952 οἱ
1584 2887 1659 2950 τό
1694 2879 1758 2968 γ’
1787 2879 2137 2951 Ἀπόλλων·
2167 2900 2269 2955 866

258 2995 465 3081 αὐτὰρ
512 2994 549 3061 ὁ
594 2995 932 3080 μήρινθον
976 2993 1135 3076 βάλε
1177 2994 1310 3077 πὰρ
1355 2993 1550 3074 πόδα,
1596 2984 1675 3075 τῇ
1722 2986 1928 3056 δέδετ’
1982 2992 2189 3077 ὄρνις·

254 3100 564 3185 ἀντικρὺς
610 3094 680 3165 δ’
732 3099 859 3166 ἀπὸ
904 3100 1240 3185 μήρινθον
1286 3097 1447 3181 τάμε
1491 3097 1726 3180 πικρὸς
1770 3096 2006 3172 ὀιστός.

253 3207 296 3290 ἡ
343 3203 464 3291 μὲν
509 3201 705 3271 ἔπειτ’
756 3203 896 3290 ἤιξε
941 3205 1107 3290 πρὸς
1153 3203 1469 3287 οὐρανόν,
1515 3202 1558 3285 ἡ
1608 3198 1682 3267 δὲ
1726 3205 2016 3286 παρείθη

256 3314 586 3398 μήρινθος
628 3309 777 3377 ποτὶ
821 3321 1047 3395 γαῖαν·
1096 3308 1258 3393 ἀτὰρ
1304 3308 1677 3391 κελάδησαν
1716 3305 1982 3392 Ἀχαιοί.

257 3420 698 3504 σπερχόμενος
744 3412 806 3481 δ’
860 3417 987 3500 ἄρα
1031 3416 1389 3499 Μηριόνης
1431 3411 1722 3498 ἐξείρυσε
1767 3412 1984 3498 χειρὸς
2170 3425 2272 3473 870

259 3524 479 3602 τόξον·
527 3521 690 3607 ἀτὰρ
737 3521 820 3605 δὴ
867 3521 1093 3588 ὀιστὸν
1140 3522 1287 3603 ἔχεν
1331 3518 1562 3599 πάλαι,
1609 3518 1699 3593 ὡς
1744 3522 1999 3580 ἴθυνεν.
