2525 3884
255 189 387 254 212
1059 189 1363 241 ΙΑΙΑΔοΣ
1392 188 1459 240 ²11

255 331 448 400 πάντ’
503 333 678 420 αὐτῷ
727 330 1012 418 μέγεθός
1052 354 1124 397 τε
1167 329 1278 397 καὶ
1324 332 1579 417 ὄμματα
1623 325 1767 396 κάλ’
1818 330 2032 397 ἐικυῖα

256 437 368 506 καὶ
412 441 679 525 φωνήν,
725 436 837 504 καὶ
879 449 1027 504 τοτα
1070 435 1222 522 περὶ
1266 439 1422 522 χροῒ
1461 437 1691 522 εἵματα
1736 435 1913 503 ἕστο·

258 554 377 630 στῆ
417 540 479 610 δ’
529 542 634 632 ἄρ’
687 540 851 628 ὑπὲρ
897 550 1188 629 κεφαλῆς
1231 547 1350 608 καί
1388 567 1503 629 μιν
1549 544 1715 629 πρὸς
1759 548 1986 627 μῦθον
2035 547 2280 614 ἔειπεν·
2348 604 2356 614 .

258 648 553 737 „efflas-3
601 651 809 737 αὐτὰρ
855 650 1034 736 ἐμεῖο
1080 647 1482 735 λελασμένος
1527 652 1745 733 ἔπλευ,
1785 646 2096 735 Ἀχιλλεῦ.
2139 674 2179 714 .·
2370 715 2407 734 ,ο

260 759 344 824 οὐ
389 756 512 844 μέν
556 780 679 843 μευ
727 757 1007 835 ζώοντος
1052 755 1345 839 ἀκήδεις,
1392 755 1557 822 ἀλλὰ
1599 758 1960 832 θανόντος·
2068 841 2072 845 -
2213 773 2281 821 ‘10

259 865 473 930 θάπτε
519 886 604 948 με,
644 863 780 928 ὅττι
823 862 1119 947 τάχιστα·
1162 862 1376 939 πύλας
1413 858 1634 927 Ἀίδαο
1679 864 1993 947 περήσω.”
2308 856 2314 859 ”

259 969 419 1054 τῆλέ
459 966 524 1054 μ’
580 966 885 1053 ἐέργουσι
929 971 1158 1052 ψυχαί,
1205 968 1448 1032 εἴδωλα
1493 969 1872 1052 καμόντων.

168 1064 175 1069 ’
263 1074 428 1143 οὐδέ
467 1071 554 1160 μέ
591 1095 692 1140 πω
738 1077 1096 1158 μίσγεσθαι
1141 1069 1307 1160 ὑπὲρ
1352 1056 1674 1157 ποταμοῖο
1720 1074 1951 1158 ἐῶσιν,

263 1178 406 1249 ἀλλ’
459 1181 673 1261 αὕτως
718 1179 1043 1265 ἀλάλημαι
1090 1176 1195 1245 ἀν’
1248 1176 1611 1266 εὐρυπυλὲς
1636 1179 1863 1257 ’Ἄιδος
1910 1181 2022 1246 δῶ.

262 1291 381 1354 καί
401 1310 514 1372 μοι
543 1288 658 1364 δὸς
683 1288 805 1370 τὴν
832 1283 1027 1372 χεῖρ’,
1067 1286 1515 1372 ὀλοφύρομαι·
1565 1286 1649 1352 οὐ
1684 1288 1809 1373 γὰρ
1847 1280 1938 1352 ἔτ’
1980 1281 2167 1364 αὖτις
2214 1303 2282 1352 75

264 1398 536 1480 νίσομαι
581 1392 647 1472 ἐξ
689 1388 932 1476 Ἀίδαο,
969 1390 1135 1476 ἐπήν
1180 1414 1259 1477 με
1303 1393 1513 1478 πυρὸς
1557 1392 1881 1477 λελάχητε.
2155 1381 2157 1383 ’

267 1502 349 1567 οὐ
395 1496 516 1586 μὲν
563 1501 689 1586 γὰρ
739 1501 899 1577 ζωοί
935 1523 1011 1582 γε
1056 1502 1275 1584 φίλων
1320 1498 1701 1565 ἀπάνευθεν
1747 1496 2027 1585 ἑταίρων

266 1608 512 1691 βουλὰς
549 1604 842 1689 ἑζόμενοι
887 1605 1361 1689 βουλεύσομεν,
1407 1600 1549 1669 ἀλλ’
1602 1600 1713 1689 ἐμὲ
1758 1601 1880 1689 μὲν
1923 1605 2048 1690 κὴρ

268 1711 603 1797 ἀμφέχανε
648 1713 963 1796 στυγερή,
1009 1711 1052 1793 ἥ
1096 1732 1218 1797 περ
1264 1711 1421 1796 λάχε
1465 1712 1855 1796 γεινόμενόν
1899 1731 2048 1797 περ·

268 1816 378 1884 καὶ
426 1814 500 1883 δὲ
539 1812 650 1883 σοὶ
693 1815 871 1903 αὐτῷ
918 1825 1139 1901 μοῖρα,
1183 1821 1373 1892 θεοῖς
1419 1811 1721 1882 ἐπιείκελ’
1765 1811 2087 1901 Ἀχιλλεῦ,
2218 1835 2285 1883 80

266 1928 465 2010 τείχει
509 1923 641 1989 ὕπο
694 1922 942 2007 Τρώων
989 1920 1357 2005 ἐυηγενέων
1404 1919 1787 1988 ἀπολέσθαι.

267 2033 430 2097 ἄλλο
478 2026 558 2095 δέ
596 2052 702 2094 τοι
745 2025 906 2115 ἐρέω
951 2025 1061 2093 καὶ
1107 2027 1465 2112 ἐφήσομαι,
1514 2035 1591 2094 αἶ
1626 2052 1699 2093 κε
1742 2016 2010 2112 πίθηαι·

269 2138 358 2221 μὴ
407 2136 528 2220 ἐμὰ
573 2145 711 2201 σῶν
755 2134 1095 2200 ἀπάνευθε
1138 2135 1494 2219 τιθήμεναι
1540 2131 1742 2218 ὀστέ’,
1785 2130 2107 2220 Ἀχιλλεῦ,
2327 2177 2335 2182 -

270 2237 414 2308 ἀλλ’
465 2241 668 2325 ὁμοῦ,
725 2240 814 2318 ὡς
857 2240 1197 2329 τράφομέν
1241 2261 1363 2326 περ
1410 2239 1485 2306 ἐν
1530 2239 1902 2327 ὑμετέροισι
1948 2230 2287 2327 δόμοισιν,
2355 2261 2359 2264 “

271 2342 421 2414 εὖτέ
463 2370 542 2432 με
585 2347 837 2412 τυτθὸν
875 2346 1069 2412 ἐόντα
1114 2349 1475 2424 Μενοίτιος
1519 2345 1585 2426 ἐξ
1625 2343 1966 2426 Ὀπόεντος
2218 2365 2287 2415 85
2417 2400 2426 2407 .

268 2455 515 2537 ἤγαγεν
560 2448 947 2538 ὑμετερόνδ’
999 2453 1476 2539 ἀνδροκτασίης
1519 2453 1649 2518 ὕπο
1696 2458 1944 2540 λυγρῆς

270 2560 470 2644 ἤματι
514 2565 628 2646 τῷ,
676 2558 784 2623 ὅτε
828 2559 1032 2623 παῖδα
1067 2556 1467 2625 κατέκτανον
1508 2556 2036 2645 Ἀμφιδάμαντος

270 2666 528 2748 νήπιος,
576 2661 699 2728 οὐκ
745 2660 1030 2746 ἐθέλων,
1077 2661 1243 2748 ἀμφ’
1288 2664 1755 2751 ἀστραγάλοισι
1798 2668 2148 2751 χολωθείς·

272 2773 444 2836 ἔνθα
488 2791 569 2854 με
614 2767 968 2854 δεξάμενος
1011 2766 1086 2834 ἐν
1133 2771 1431 2854 δώμασιν
1478 2771 1714 2838 ἱππότα
1759 2775 2024 2855 Πηλεὺς

273 2874 523 2963 ἔτραφέ
559 2871 623 2941 τ’
675 2872 1002 2952 ἐνδυκέως
1044 2872 1154 2940 καὶ
1199 2876 1323 2941 σὸν
1366 2872 1727 2964 θεράποντ’
1779 2877 2136 2962 ὀνόμηνεν·
2216 2896 2286 2946 90

274 2976 365 3060 ὧς
411 2978 485 3047 δὲ
530 2980 641 3048 καὶ
686 2980 879 3048 ὀστέα
922 2991 1089 3046 νῶιν
1135 2980 1262 3066 ὁμὴ
1310 2984 1508 3069 σορὸς
1545 2980 2033 3067 ἀμφικαλύπτοι

275 3089 582 3175 [χρύσεος
624 3088 1070 3175 ἀμφιφορεύς,
1114 3090 1373 3153 τόντοι
1419 3091 1581 3174 πόρε
1623 3091 1859 3154 πότνια
1886 3092 2206 3177 ’μήτηρ].“

363 3196 483 3261 τὸν
513 3191 578 3259 δ’
614 3193 1134 3280 ἀπαμειβόμενος
1159 3194 1461 3280 προσέφη
1489 3195 1699 3272 πόδας
1733 3194 1910 3272 ὠκὺς
1930 3191 2287 3280 Ἀχιλλεύς·

274 3303 501 3385 ,,τίπτε
532 3324 680 3385 μοι,
726 3300 922 3384 ἠθείη
967 3302 1243 3385 κεφαλή,
1292 3296 1474 3386 δεῦρ’
1524 3303 1922 3385 εἰλήλουθας

275 3410 396 3472 καί
434 3430 548 3492 μοι
591 3414 796 3471 ταῦτα
844 3400 1060 3472 ἕκαστ’
1112 3405 1498 3485 ἐπιτέλλεαι;
1548 3406 1754 3492 αὐτὰρ
1801 3405 1928 3490 ἐγώ
1972 3431 2077 3474 τοι
2218 3424 2287 3474 95

279 3514 492 3579 πάντα
537 3509 686 3597 μάλ’
741 3509 1008 3578 ἐκτελέω
1054 3508 1162 3577 καὶ
1206 3514 1542 3596 πείσομαι,
1588 3512 1679 3589 ὡς
1724 3514 1809 3578 σὺ
1852 3515 2154 3593 κελεύεις.
