2525 3884
903 189 1204 241 ΙΛΙΑΔΟΣ
1240 191 1438 243 xvm.
2046 187 2169 251 137

145 331 444 414 κούρην,
489 330 574 415 ἢν
618 332 748 417 ἄρα
796 331 868 396 οἱ
906 329 1105 418 γέρας
1149 330 1374 410 ἔξελον
1422 325 1563 410 υἷες
1600 329 1909 418 Ἀχαιῶν,

145 437 285 519 τὴν
339 434 422 515 ἂψ
466 436 536 502 ἐκ
579 446 819 521 χειρῶν
865 435 1045 502 ἕλετο
1091 440 1333 523 κρείων
1372 434 1816 523 Ἀγαμέμνων.
2069 455 2172 504 445

142 538 189 625 ἦ
239 564 359 606 τοι
398 542 433 607 ὁ
474 549 591 626 τῆς
633 540 847 626 ἀχέων
892 541 1143 628 φρένας
1187 544 1453 627 ἔφθιεν·
1501 544 1708 627 αὐτὰρ
1750 539 2048 629 Ἀχαιοὺς

153 651 390 732 Τρῶες
432 644 535 712 ἐπὶ
580 647 965 733 πρύμνῃσιν
1011 647 1289 731 ἐείλεον,
1338 645 1498 714 οὐδὲ
1542 649 1791 735 θύραζε

141 760 326 818 εἴων
369 751 623 831 ἐξιέναι.
657 737 662 742 ’
714 755 833 818 τὸν
881 751 954 818 δὲ
998 756 1310 837 λίσσοντο
1355 754 1666 840 γέροντες

141 857 496 944 Ἀργείων,
543 856 654 924 καὶ
697 861 908 924 πολλὰ
951 863 1308 943 περικλυτὰ
1353 859 1514 946 δῶρ’
1559 862 1914 946 ὀνόμαζον·

145 963 311 1031 ἔνθ’
358 966 553 1042 αὐτὸς
597 961 718 1049 μὲν
763 960 962 1032 ἔπειτ’
1001 967 1309 1049 ἠναίνετο
1356 970 1589 1051 λοιγὸν
1632 968 1909 1053 ἀμῦναι,
2071 981 2176 1038 450

144 1072 371 1157 αὐτὰρ
415 1072 452 1138 ὁ
498 1070 890 1156 Πάτροκλον
935 1070 1086 1158 περὶ
1129 1069 1252 1157 μὲν
1297 1074 1377 1138 τὰ
1423 1072 1465 1138 ἃ
1508 1075 1741 1159 τεύχεα
1787 1073 2011 1155 ἕσσεν,

144 1177 371 1262 πέμπε
417 1175 497 1244 δέ
527 1202 643 1262 μιν
685 1177 1083 1263 πολεμόνδε,
1128 1180 1345 1243 πολὺν
1398 1175 1459 1244 δ’
1495 1180 1629 1263 ἅμα
1665 1181 1830 1245 λαὸν
1866 1181 2176 1246 ὄπασσεν.

142 1292 290 1347 πᾶν
342 1281 402 1349 δ’
444 1279 621 1368 ἦμαρ
667 1284 1004 1370 μάρναντο
1048 1281 1199 1371 περὶ
1244 1288 1534 1369 Σκαιῇσι
1576 1285 1894 1370 πύλῃσιν·

50 1406 59 1419 ·
146 1392 273 1453 καί
314 1389 405 1455 νύ
446 1413 564 1455 κεν
609 1390 906 1476 αὐτῆμαρ
951 1391 1148 1455 πόλιν
1194 1391 1527 1476 ἔπραθον,
1575 1392 1638 1457 εί
1678 1392 1765 1476 μὴ
1808 1385 2142 1455 Ἀπόλλων

144 1497 374 1561 πολλὰ
416 1496 585 1561 κακὰ
631 1493 907 1580 ῥέξαντα
953 1499 1324 1566 Μενοιτίου
1369 1496 1653 1580 ἄλκιμον
1697 1497 1851 1562 υἱὸν
2073 1508 2178 1560 455

74 1658 79 1669 .
150 1600 378 1667 ἔκταν’
433 1600 535 1680 ἐνὶ
578 1600 975 1687 προμάχοισι
1017 1600 1129 1667 καὶ
1157 1599 1423 1688 Ἕκτορι
1466 1603 1668 1680 κῦδος
1714 1603 1979 1668 ἔδωκεν.

50 1724 67 1731 ··
146 1708 444 1773 τούνεκα
488 1715 618 1772 νῦν
660 1708 741 1798 τὰ
778 1707 862 1771 σὰ
897 1703 1182 1789 γούναθ’
1229 1707 1571 1793 ἱκάνομαι,
1616 1712 1695 1774 αἴ
1730 1704 1792 1773 κ’
1836 1705 2180 1793 ἐθέλῃσθα

151 1813 297 1878 υἱεῖ
340 1812 473 1901 ἐμῷ
522 1811 844 1900 ὠκυμόρῳ
893 1812 1105 1898 δόμεν
1142 1812 1388 1880 ἀσπίδα
1432 1813 1543 1880 καὶ
1586 1815 1994 1901 τρυφάλειαν

148 1917 268 1983 καὶ
316 1921 519 1997 καλὰς
562 1919 913 2003 κνημῖδας,
961 1918 1382 2005 ἐπισφυρίοις
1425 1921 1778 2007 ἀραρυίας,

153 2024 270 2090 καὶ
314 2022 608 2111 θώρηχ’·
654 2024 692 2091 ὃ
725 2026 853 2110 γὰρ
895 2020 984 2109 ἧν
1030 2025 1123 2110 οἰ,
1170 2025 1465 2091 ἀπώλεσε
1510 2026 1741 2101 πιστὸς
1786 2021 2043 2111 ἑταῖρος
2074 2039 2180 2089 460

54 2146 57 2147 ’
162 2131 396 2216 Τρωσὶ
432 2133 675 2218 δαμείς.
750 2132 787 2198 ὁ
825 2128 900 2196 δὲ
943 2141 1150 2198 κεῖται
1196 2129 1303 2197 ἐπὶ
1346 2130 1550 2216 χθονὶ
1594 2132 1823 2214 θυμὸν
1860 2129 2180 2213 ἀχεύων.“

246 2240 378 2323 τὴν
425 2235 486 2304 δ’
529 2232 815 2323 ἠμείβετ’
858 2241 1078 2304 ἔπειτα
1121 2238 1511 2324 περικλυτὸς
1556 2237 1980 2322 ἀμφιγυήεις·

161 2344 478 2431 ,,θάρσει·
525 2346 613 2429 μή
657 2366 762 2410 τοι
806 2351 1011 2409 ταῦτα
1056 2345 1215 2428 μετὰ
1259 2340 1461 2430 φρεσὶ
1508 2351 1663 2427 σῇσι
1706 2344 2061 2427 μελόντων.

161 2450 238 2514 αἲ
278 2450 410 2537 γάρ
457 2473 572 2535 μιν
615 2448 939 2515 θανάτοιο
988 2449 1312 2534 δυσηχέος
1358 2444 1488 2516 ὧδε
1534 2449 1865 2534 δυναίμην

164 2558 419 2643 νόσφιν
463 2555 875 2642 ἀποκρύψαι,
922 2555 1029 2621 ὅτε
1074 2580 1188 2642 μιν
1234 2559 1439 2644 μόρος
1485 2557 1671 2633 αἰνὸς
1718 2555 1962 2638 ἱκάνοι,
2080 2568 2183 2619 465

166 2661 256 2739 ὥς
295 2664 370 2730 οἱ
405 2662 638 2746 τεύχεα
681 2662 850 2726 καλὰ
893 2661 1315 2747 παρέσσεται,
1364 2653 1471 2728 οἷά
1513 2685 1613 2740 τις
1657 2656 1813 2728 αὖτε

170 2766 553 2855 ἀνθρώπων
596 2765 856 2834 πολέων
898 2768 1386 2853 θαυμάσσεται,
1433 2769 1506 2846 ὅς
1550 2793 1665 2835 κεν
1713 2767 1994 2851 ἴδηται.“

258 2870 349 2952 ὥς
394 2873 598 2940 εἰπὼν
642 2873 765 2957 τὴν
810 2869 932 2958 μὲν
976 2875 1167 2939 λίπεν
1212 2874 1451 2956 αὐτοῦ,
1499 2876 1583 2957 βῆ
1633 2867 1695 2939 δ’
1738 2870 1843 2937 ἐπὶ
1890 2872 2136 2956 φύσας,

173 2979 286 3056 τὰς
330 2978 391 3045 δ’
437 2979 505 3056 ἐς
546 2987 680 3064 πῦρ
728 2980 958 3066 ἔτρεψε
995 2977 1269 3045 κέλευσέ
1306 3002 1377 3044 τε
1423 2978 1834 3064 ἐργάζεσθαι.

174 3093 381 3165 φῦσαι
427 3083 487 3151 δ’
531 3085 606 3152 ἐν
649 3086 995 3170 χοάνοισιν
1041 3082 1282 3150 ἐείκοσι
1326 3093 1528 3150 πᾶσαι
1575 3084 1875 3168 ἐφύσων,
2081 3100 2185 3148 470

177 3194 497 3276 παντοίην
543 3191 914 3277 εὔπρηστον
960 3190 1217 3275 ἀυτμὴν
1263 3182 1647 3273 ἐξανιεῖσαι,

181 3294 406 3364 ἄλλοτε
450 3295 571 3384 μὲν
619 3299 976 3365 σπεύδοντι
1018 3295 1460 3385 παρέμμεναι,
1508 3297 1738 3362 ἄλλοτε
1785 3293 1846 3360 δ’
1892 3290 2077 3377 αὖτε,

183 3398 397 3483 ὅππως
424 3402 794 3489 ’Ἠφαιστός
835 3399 895 3468 τ’
938 3401 1162 3470 ἐθέλοι
1206 3400 1318 3470 καὶ
1363 3405 1561 3488 ἔργον
1607 3403 1852 3467 ἄνοιτο.

185 3511 419 3588 χαλκὸν
466 3506 529 3575 δ’
575 3510 649 3576 ἐν
693 3506 855 3594 πυρὶ
900 3510 1144 3592 βάλλεν
1190 3505 1449 3593 ἀτειρέα
1493 3508 1881 3588 κασσίτερόν
1924 3526 1995 3566 τε
