2525 3884
283 174 411 239 192
1070 174 1373 226 mmoz:
1411 174 1479 224 Φ.

282 317 355 384 ἐν
400 318 528 405 γάρ
577 317 648 384 οἰ
685 314 919 394 πολέες
960 339 1030 382 τε
1074 313 1186 382 καὶ
1230 316 1495 399 ἄλκιμοι
1540 312 1769 400 ἀνέρες
1813 312 2027 399 εἰμέν,

287 427 359 490 οἳ
394 421 505 488 καὶ
550 426 809 510 πρόσθε
854 424 1071 507 φίλων
1114 420 1365 488 τοκέων
1410 421 1671 508 ἀλόχων
1714 444 1787 487 τε
1829 418 1941 486 καὶ
1982 421 2152 487 υἱῶν

279 529 492 595 Ἴλιον
537 531 970 616 εἰρυόμεσθα·
1015 530 1101 595 σὺ
1147 526 1208 595 δ’
1253 528 1498 594 ἐνθάδε
1542 529 1797 612 πότμον
1842 524 2141 611 ἐφέψεις,

282 630 399 701 ὧδ’
445 637 766 719 ἔκπαγλος
809 634 938 702 ἐὼν
982 632 1094 700 καὶ
1137 634 1512 723 θαρσαλέος
1554 635 1964 719 πολεμιστής.

367 736 410 825 ἦ
459 741 543 828 ῥα
588 739 699 808 καὶ
745 739 906 820 ὀξὺν
953 742 1196 806 ἄκοντα
1240 743 1509 826 βαρείης
1551 741 1769 825 χειρὸς
1814 738 2096 824 ἀφῆκεν,
2191 753 2299 805 590

280 850 398 914 καί
436 843 499 932 ῤ’
543 850 736 930 ἔβαλε
780 849 1041 931 κνήμην
1085 845 1215 911 ὑπὸ
1260 847 1587 930 γούνατος
1633 839 1779 912 οὐδ’
1822 845 2239 939 ἀφάμαρτεν·

283 950 455 1038 ἀμφὶ
503 951 581 1018 δέ
623 953 694 1017 οἰ
731 949 968 1036 κνημὶς
1009 952 1403 1018 νεοτεύκτου
1446 950 1862 1038 κασσιτέροιο

283 1056 691 1144 σμερδαλέον
734 1059 1090 1142 κονάβησε·
1136 1059 1338 1123 πάλιν
1384 1053 1446 1123 δ’
1489 1058 1616 1123 ἀπὸ
1662 1059 1900 1143 χαλκὸς
1943 1058 2232 1143 ὄρουσεν

282 1163 648 1249 βλημένου,
695 1161 841 1229 οὐδ’
888 1162 1190 1250 ἐπέρησε,
1235 1170 1408 1229 θεοῦ
1455 1159 1516 1229 δ’
1556 1163 1844 1249 ἠρύκακε
1890 1163 2088 1249 δῶρα.

283 1271 620 1354 Πηλεΐδης
665 1265 726 1336 δ’
770 1268 1100 1357 ὡρμήσατ’
1162 1266 1522 1355 Ἀγήνορος
1559 1267 1905 1363 ἀντιθέοιο
2189 1285 2297 1335 595

286 1378 618 1464 δεύτερος·
665 1375 829 1443 οὐδέ
867 1374 923 1441 τ’
964 1379 1165 1469 ’ἔασεν
1215 1374 1555 1442 Ἀπόλλων
1598 1376 1802 1453 κῦδος
1845 1372 2156 1462 ἀρέσθαι,

287 1482 452 1549 ἀλλά
495 1508 612 1568 μιν
659 1481 1000 1569 ἐξήρπαξε,
1048 1483 1302 1561 κάλυψε
1348 1480 1408 1547 δ’
1452 1478 1559 1565 ἄρ’
1600 1479 1748 1568 ἠέρι
1789 1487 2026 1567 πολλῇ,

286 1587 567 1673 ἡσύχιον
615 1585 678 1654 δ’
721 1591 849 1676 ἄρα
894 1613 1010 1673 μιν
1054 1587 1349 1673 πολέμου
1391 1591 1671 1673 ἔκπεμπε
1714 1585 2003 1654 νέεσθαι.

287 1693 493 1782 αὐτὰρ
540 1694 577 1759 ὁ
626 1697 979 1777 Πηλεΐωνα
1025 1695 1199 1781 δόλῳ
1247 1692 1623 1782 ἀποέργαθε
1667 1699 1859 1760 λαοῦ·

287 1801 463 1888 αὐτῷ
509 1801 637 1887 γὰρ
685 1798 992 1887 ἑκάεργος
1042 1798 1353 1886 Ἀγήνορι
1397 1801 1610 1867 πάντα
1646 1800 1875 1879 ἐοικὼς
2195 1819 2300 1869 600

284 1910 441 1991 ἔστη
487 1909 746 1992 πρόσθε
791 1907 1051 1989 ποδῶν,
1099 1906 1136 1973 ὁ
1177 1902 1239 1972 δ’
1285 1906 1603 1973 ἐπέσσυτο
1648 1905 1849 1973 ποσσὶ
1896 1908 2177 1975 διώκειν.

290 2006 425 2091 εἷος
470 2013 507 2080 ὁ
551 2013 670 2079 τὸν
713 2013 971 2079 πεδίοιο
1020 2014 1293 2079 διώκετο
1339 2005 1786 2100 πυροφόροιο,

287 2119 529 2207 τρέψας
572 2121 705 2205 πάρ
748 2120 1048 2203 ποταμὸν
1094 2121 1589 2203 βαθυδινήεντα
1633 2119 2109 2207 Σκάμανδρον,

288 2228 539 2292 τυτθὸν
566 2225 1137 2312 ὑπεκπροθέοντα·
1176 2227 1351 2313 δόλῳ
1383 2220 1445 2290 δ’
1479 2222 1584 2311 ἄρ’
1619 2227 1893 2310 ἔθελγεν
1932 2221 2299 2309 Ἀπόλλων,

289 2333 379 2409 ὡς
423 2330 551 2398 αἰεὶ
596 2334 859 2397 ἔλποιτο
904 2334 1297 2416 κιχήσεσθαι
1340 2329 1540 2398 ποσὶν
1586 2323 1792 2397 οἶσιν·
2195 2348 2299 2398 605

289 2437 481 2525 τόφρ’
527 2440 715 2504 ἄλλοι
768 2442 988 2524 Τρῶες
1029 2438 1484 2524 πεφοβημένοι
1528 2433 1746 2521 ἦλθον
1792 2437 1996 2526 ὁμίλῳ

291 2544 602 2611 ἀσπάσιοι
644 2541 839 2639 προτὶ
883 2544 1078 2627 ἄστυ,
1125 2547 1312 2621 πόλις
1356 2539 1418 2609 δ’
1461 2547 1747 2628 ἔμπλητο
1793 2543 2110 2610 ἀλέντων·

293 2646 436 2716 οὐδ’
480 2652 607 2736 ἄρα
651 2653 763 2716 τοί
797 2647 862 2733 γ’
908 2653 1101 2716 ἔτλαν
1146 2652 1377 2728 πόλιος
1418 2648 1532 2715 καὶ
1574 2652 1818 2734 τείχεος
1862 2650 2043 2727 ἐκτὸς

292 2767 510 2841 μεῖναι
555 2753 641 2821 ἔτ’
687 2754 1041 2840 ἀλλήλους,
1088 2753 1198 2820 καὶ
1241 2757 1606 2840 γνώμεναι,
1656 2755 1728 2832 ὅς
1769 2772 1841 2821 ’τε
1884 2756 2243 2840 πεφεύγειν

294 2862 366 2940 ὅς
407 2857 465 2927 τ’
508 2856 697 2928 ἔθαν’
740 2861 814 2929 ἐν
858 2859 1146 2951 πολέμῳ·
1196 2857 1337 2927 ἀλλ’
1381 2861 1716 2938 ἀσπασίως
1760 2860 2067 2946 ἐσέχυντο
2195 2879 2300 2929 610

294 2968 360 3046 ἐς
404 2971 630 3053 πόλιν,
679 2970 758 3035 ὄν
803 2992 952 3034 τινα
996 2979 1131 3034 τῶν
1175 2992 1251 3052 γε
1296 2969 1495 3045 πόδες
1529 2965 1639 3033 καὶ
1682 2976 1896 3051 γοῦνα
1939 2969 2210 3034 σαώσαι.
