2525 3884
299 208 424 273 116
520 189 539 208 ⁶
1091 208 1391 261 ΙΛΙΑΛοΣ
1426 209 1486 263 P.

297 350 610 435 ,,Φοῖνιξ,
657 353 815 418 ἅττα
858 348 1078 438 γεραιὲ
1121 348 1537 435 παλαιγενές,
1584 352 1648 416 εἰ
1685 352 1812 436 γὰρ
1851 348 2101 437 Ἀθήνη

295 459 444 541 δοίη
489 457 725 543 κάρτος
770 458 943 541 ἐμοί,
990 455 1237 542 βελέων
1283 450 1346 521 δ’
1387 456 1700 543 ἀπερύκοι
1745 456 1986 542 ἐρωήν·

291 572 382 650 τῷ
428 586 544 628 κεν
590 563 717 647 ἐγώ
760 559 826 649 γ’
876 562 1174 648 ἐθέλοιμι
1217 563 1701 649 παρεστάμεναι
1741 561 1852 629 καὶ
1896 563 2177 649 ἀμύνειν

298 671 690 759 Πατρόκλῳ·
736 671 909 756 μάλα
951 670 1076 754 γάρ
1123 694 1203 755 με
1246 670 1482 735 θανὼν
1528 668 1928 754 ἐσεμάσσατο
1972 672 2223 755 θυμόν.

294 771 435 840 ἀλλ’
471 774 722 861 ’Έκτωρ
758 776 965 862 πυρὸς
1001 776 1192 841 αἰνὸν
1231 778 1363 859 ἔχει
1398 771 1622 860 μένος,
1662 769 1807 840 οὐδ’
1850 774 2161 859 ἀπολήγει
2195 792 2326 843 565

293 887 509 971 χαλκῷ
559 883 834 965 δηιόων·
877 889 968 969 τῷ
1005 881 1130 966 γὰρ
1179 884 1345 958 Ζεὺς
1388 882 1590 958 κῦδος
1635 880 1918 960 ὀπάζει.“

383 982 471 1064 ὥς
514 987 715 1072 φάτο,
761 989 1060 1071 γήθησεν
1106 981 1181 1052 δὲ
1223 987 1381 1069 θεά,
1428 991 1802 1070 γλαυκῶπις
1845 982 2124 1072 Ἀθήνη,

296 1094 433 1158 ὅττι
478 1093 563 1179 ῥά
608 1093 679 1159 οἰ
716 1094 1078 1177 πάμπρωτα
1119 1098 1304 1158 θεῶν
1346 1092 1635 1177 ἠρήσατο
1681 1093 1967 1158 πάντων.

295 1198 370 1264 ἐν
417 1195 492 1263 δὲ
536 1202 691 1282 βίην
736 1200 970 1284 ὤμοισι
1014 1196 1124 1264 καὶ
1166 1196 1242 1264 ἐν
1286 1198 1642 1283 γούνεσσιν
1688 1202 1960 1283 ἔθηκεν,

294 1307 412 1370 καί
450 1304 521 1370 οἰ
557 1307 753 1390 μυίης
783 1305 1049 1399 1θάρσος
1093 1301 1193 1371 ἐνὶ
1240 1307 1598 1389 στήθεσσιν
1623 1299 1903 1389 ἐνῆκεν,
2192 1325 2314 1374 570

296 1412 338 1494 ἤ
381 1433 454 1476 τε
496 1409 605 1477 καὶ
650 1410 969 1497 ἐργομένη
1016 1411 1188 1496 μάλα
1227 1432 1350 1497 περ
1395 1412 1591 1496 χροὸς
1636 1410 2031 1497 ἀνδρομέοιο

300 1518 577 1604 ἰσχανάᾳ
624 1515 915 1602 δακέειν,
959 1519 1165 1601 λαρὸν
1211 1518 1292 1582 δέ
1332 1516 1402 1583 οἰ
1440 1509 1574 1602 αἷμ’
1627 1517 2017 1604 ἀνθρώπου·

296 1625 486 1688 τοίου
528 1647 644 1707 μιν
687 1623 981 1709 θάρσευς
1024 1629 1228 1707 πλῆσε
1273 1620 1524 1709 φρένας
1567 1623 2060 1709 ἀμφιμελαίνας.

299 1731 384 1813 βῆ
429 1724 491 1793 δ’
535 1726 641 1793 ἐπὶ
685 1730 1076 1816 Πατρόκλῳ,
1121 1726 1230 1793 καὶ
1277 1729 1577 1794 ἀκόντισε
1623 1727 1818 1811 δουρὶ
1861 1737 2133 1818 φαεινῷ.
2365 1800 2374 1803 ,

300 1836 447 1899 ἔσκε
492 1830 553 1898 δ’
606 1831 707 1900 ἐνὶ
759 1835 1051 1917 Τρώεσσι
1098 1835 1326 1919 Ποδῆς
1367 1835 1514 1912 υίὸς
1551 1832 1930 1919 Ἠετίωνος,
2192 1853 2307 1903 575

299 1940 571 2026 ἀφνειός
612 1934 673 2004 τ’
722 1940 974 2024 ἀγαθός
1014 1959 1112 2006 τε·
1157 1940 1437 2025 μάλιστα
1483 1939 1564 2007 δέ
1602 1966 1718 2026 μιν
1760 1945 1901 2008 τίεν
1930 1941 2180 2028 Ἕκτωρ

303 2049 546 2131 δήμου,
594 2047 740 2114 ἐπεί
778 2047 849 2113 οἰ
888 2046 1144 2133 ἑταῖρος
1188 2048 1306 2130 ἔην
1350 2049 1545 2132 φίλος
1590 2050 2075 2132 εἰλαπιναστής·

301 2156 420 2219 τόν
465 2152 551 2239 ῥα
593 2154 757 2239 κατὰ
804 2155 1094 2239 ζωστῆρα
1139 2153 1298 2236 βάλε
1354 2152 1599 2248 ξανθὸς
1641 2151 1984 2232 Μενέλαος

304 2257 572 2336 ἀίξαντα
617 2261 940 2343 φόβονδε,
987 2261 1222 2346 διαπρὸ
1272 2255 1345 2325 δὲ
1389 2261 1631 2345 χαλκὸν
1679 2263 1979 2327 ἔλασσεν·

303 2364 635 2447 δούπησεν
680 2362 753 2429 δὲ·
795 2367 1032 2443 πεσών.
1122 2364 1283 2451 ἀτὰρ
1321 2363 1652 2452 Ἀτρεΐδης
1695 2365 2038 2446 Μενέλαος
2192 2387 2302 2437 580

207 2525 213 2530 .
303 2471 543 2555 νεκρὸν
586 2468 750 2536 ὑπὲκ
802 2473 1050 2557 Τρώων
1095 2475 1332 2556 ἔρυσεν
1377 2474 1536 2557 μετὰ
1580 2475 1781 2550 ἔθνος
1809 2471 2103 2560 ἑταίρων.

375 2574 653 2662 Ἕκτορα
700 2574 760 2641 δ’
804 2576 1091 2661 ἐγγύθεν
1138 2564 1485 2662 ἱστάμενος
1530 2578 1824 2663 ὤτρυνεν
1859 2577 2194 2646 Ἀπόλλων

310 2685 594 2748 Φαίνοπι
630 2678 898 2767 ’Λσιάδῃ
946 2682 1343 2766 ἐναλίγκιος,
1389 2684 1461 2761 ὅς
1506 2683 1578 2749 οἰ
1616 2683 1921 2750 ἁπάντων

306 2787 536 2866 ξείνων
580 2792 891 2873 φίλτατος
926 2790 1144 2871 ἔσκεν,
1183 2782 1503 2870 ’Λβυδόθι
1550 2791 1722 2855 οἰκία
1763 2795 2002 2856 ναίων·

307 2897 422 2982 [τῷ
467 2918 581 2978 μιν
625 2893 998 2977 ἐεισάμενος
1039 2893 1340 2979 προσέφη
1389 2892 1693 2981 ἑκάεργος
1732 2891 2114 2980 Ἀπόλλων’]
2194 2915 2299 2965 585

304 2997 600 3084 ,OExt09‚
643 3004 743 3077 τίς
785 2998 864 3065 κε’
902 2997 964 3066 σ’
1008 2996 1097 3066 ἔτ’
1149 2997 1658 3087 ἄλλος-Ἀχαιῶν
1708 3005 2120 3089 ταρβήσειεν;

307 3097 452 3171 οἷον
498 3107 580 3190 δὴ
623 3105 976 3172 Μενέλαον
1019 3102 1409 3192 ὑπέτρεσας,
1456 3108 1529 3184 ὃς
1571 3108 1645 3174 τὸ
1690 3108 1897 3193 πάρος
1938 3131 2014 3192 γε

305 3212 643 3296 μαλθακὸς
687 3214 1020 3297 αἰχμητής·
1067 3220 1197 3279 νῦν
1244 3207 1306 3277 δ’
1349 3219 1591 3298 οἴχεται
1636 3209 1776 3291 οἷος
1821 3214 2041 3299 ἀείρας

304 3318 543 3404 νεκρὸν
585 3313 749 3383 ὑπὲκ
800 3319 1076 3404 Τρώων,
1122 3320 1244 3384 σὸν
1293 3313 1357 3383 δ’
1399 3322 1624 3386 ἔκτανε
1667 3321 1900 3386 πιστὸν
1946 3319 2234 3404 ἑταῖρον,

306 3423 554 3489 ἐσθλὸν
598 3422 698 3489 ἐνὶ
740 3424 1161 3510 προμάχοισι,
1209 3425 1445 3507 Ποδῆν
1486 3425 1641 3490 υἰὸν
1677 3422 2087 3502 Ἠετίωνος.“
2194 3443 2300 3493 590

395 3524 483 3607 ὧς
526 3530 726 3615 φάτο,
770 3531 888 3596 τὸν
934 3529 997 3595 δ’
1047 3532 1236 3615 ἄχεος
1280 3527 1523 3614 νεφέλη
1571 3530 1853 3610 ἐκάλυψε
1896 3529 2199 3616 μέλαινα,
