2525 3884
350 168 479 232 114
1019 117 1022 119 Α
1142 171 1444 224 ιΛιΑΔοΣ
1478 173 1537 226 P.

347 312 546 397 ἀλκῆς
588 312 700 378 καὶ
745 312 1022 391 σθένεος
1065 320 1270 399 πλῆτο
1318 312 1569 398 φρένας
1612 307 2108 398 ἀμφιμελαίνας.

343 417 576 483 αὐτίκα
615 412 678 483 δ’
724 416 1183 505 Ἀλκιμέδοντα
1226 420 1604 505 προσηύδα,
1648 421 1883 485 πιστὸν
1918 416 2203 506 ἑταῖρον·
2240 437 2340 486 500

342 518 797 610 ,,Ἀλκίμεδον,
842 528 930 612 μὴ
978 528 1061 611 δή
1106 550 1220 612 μοι
1262 526 1650 612 ἀπόπροθεν
1696 525 1957 612 ἰσχέμεν
2002 527 2201 610 ῗππω,

344 629 508 696 ἀλλὰ
550 625 702 715 μάλ’
743 632 1123 718 ἐμπνείοντε
1169 629 1584 727 μεταφρένω·
1632 632 1714 697 οὐ
1758 633 1885 717 γὰρ
1922 631 2049 715 ἐγώ
2094 657 2169 716 γε

327 725 609 820 Ἕκτορα
655 740 1037 823 Πριαμίδην
1081 736 1313 823 μένεος
1357 740 1723 822 σχήσεσθαι
1767 736 1916 821 ὀίω,

341 846 501 928 πρίν
542 836 608 926 γ’
650 840 748 908 ἐπ’
794 838 1128 927 Ἀχιλλῆος
1169 845 1540 929 καλλίτριχε
1584 845 1866 927 βήμεναι
1908 843 2081 909 ἵππω

340 959 468 1013 νῶι
510 951 1050 1030 κατακτείναντα,
1097 951 1396 1034 φοβῆσαί
1430 971 1503 1013 τε
1547 952 1770 1034 στίχας
1814 949 2082 1036 ἀνδρῶν
2238 966 2342 1016 505

340 1051 682 1139 Ἀργείων,
725 1055 770 1138 ἥ
813 1050 872 1118 κ’
918 1053 1115 1131 αὐτὸς
1161 1051 1262 1121 ἐνὶ
1304 1055 1667 1138 πρώτοισιν
1711 1054 1969 1140 ἁλοίη.“

429 1154 519 1237 ὥς
562 1160 766 1225 εἰπὼν
808 1165 1058 1226 Αἴαντε
1100 1158 1464 1227 καλέσσατο
1509 1159 1620 1228 καὶ
1662 1161 2043 1228 Μενέλαον·

340 1263 624 1353 ,,Αἰάντ’
668 1263 983 1353 Ἀργείων
1024 1266 1308 1351 ἡγήτορε
1350 1265 1464 1332 καὶ
1506 1267 1839 1351 Μενέλαε,

343 1367 386 1455 ἦ
430 1395 535 1437 τοι
581 1369 705 1458 μὲν
745 1374 867 1438 τὸν
908 1375 1152 1460 νεκρὸν
1197 1370 1608 1457 ἐπιτράπεθ’,
1657 1374 1729 1440 οἵ
1765 1396 1887 1461 περ
1934 1376 2217 1461 ἄριστοι,

340 1472 505 1561 ἀμφ’
546 1479 723 1568 αὐτῷ
762 1480 1049 1564 βεβάμεν
1084 1477 1195 1544 καὶ
1231 1479 1606 1564 ἀμύνεσθαι
1640 1483 1862 1566 στίχας
1897 1480 2191 1567 ἀνδρῶν,
2238 1496 2344 1547 510

337 1594 504 1648 νῶιν
550 1581 625 1650 δὲ
671 1588 934 1663 ζωοῖσιν
980 1585 1259 1669 ἀμύνετε
1301 1583 1532 1668 νηλεὲς
1576 1582 1778 1672 ἦμαρ·

344 1690 495 1772 τῇδε
536 1689 665 1775 γάρ
709 1692 982 1776 ἔβρισαν
1025 1692 1315 1774 πόλεμον
1359 1691 1524 1756 κάτα
1568 1693 1976 1778 δακρυόεντα

325 1786 581 1880 Ἕκτωρ
624 1796 898 1873 Αἰνείας
941 1792 1044 1879 θ’,
1091 1799 1163 1861 οἳ
1206 1797 1457 1881 Τρώων
1501 1796 1674 1863 εἰσὶν
1718 1799 1992 1883 ἄριστοι.

339 1896 480 1965 ἀλλ’
530 1896 573 1984 ἦ
616 1923 722 1966 τοι
766 1897 888 1985 μὲν
931 1910 1136 1967 ταῦτα
1178 1908 1361 1968 θεῶν
1407 1903 1482 1969 ἐν
1524 1904 1808 1986 γούνασι
1850 1915 2085 1970 κεῖται·

337 2005 478 2090 ῆσω
520 2008 650 2093 γὰρ
691 2005 804 2073 καὶ
848 2007 1009 2091 ἐγώ,
1054 2008 1135 2073 τά
1179 2006 1261 2074 δέ
1298 2032 1413 2074 κεν
1457 2006 1577 2074 Διὶ
1620 2010 1834 2076 πάντα
1878 2013 2211 2095 μελήσει.“
2239 2027 2341 2078 616

424 2107 467 2195 ἦ
514 2112 598 2197 ῥα
639 2111 752 2179 καὶ
796 2113 1192 2200 ἀμπεπαλὼν
1233 2117 1452 2200 προΐει
1497 2116 1913 2200 δολιχόσκιον
1957 2120 2175 2202 ἔγχος,

336 2216 448 2283 καὶ
491 2220 693 2302 βάλεν
730 2216 1031 2306 Ἀρήτοιο
1075 2216 1217 2286 κατ’
1270 2220 1516 2287 ἀσπίδα
1558 2216 1834 2287 πάντοσ’
1883 2222 2097 2306 ἐίσην·

337 2322 379 2407 ἡ
426 2318 491 2389 δ’
532 2324 656 2390 οὐκ
701 2328 891 2411 ἔγχος
934 2330 1162 2411 ἔρυτο,
1208 2328 1448 2414 διαπρὸ
1495 2324 1569 2392 δὲ
1613 2334 1834 2395 εἴσατο
1878 2332 2142 2414 χαλκός,

336 2433 595 2517 νειαίρῃ
643 2424 705 2495 δ’
754 2431 828 2497 ἐν
872 2431 1106 2519 γαστρὶ
1152 2434 1262 2498 διὰ
1309 2436 1630 2519 ζωστῆρος
1675 2436 1967 2500 ἔλασσεν.

338 2535 429 2613 ὡς
472 2533 534 2600 δ’
577 2531 673 2601 ὅτ’
715 2534 799 2601 ἂν
843 2536 1005 2616 ὀξὺν
1049 2541 1220 2622 ἔχων
1263 2538 1544 2605 πέλεκυν
1588 2541 1835 2625 αἰζήιος
1878 2540 2047 2628 ἀνὴρ
2167 2576 2172 2581 ·
2238 2557 2340 2607 520

337 2644 545 2720 κόψας
589 2640 898 2720 ἐξόπιθεν
941 2644 1198 2729 κεράων
1242 2646 1401 2728 βοὸς
1444 2645 1805 2731 ἀγραύλοιο

258 2767 267 2775 ·
341 2743 451 2812 ἵνα
491 2748 662 2835 τάμη
707 2750 820 2815 διὰ
861 2758 1110 2833 πᾶσαν,
1158 2750 1195 2816 ὁ
1241 2748 1318 2818 δὲ
1358 2753 1721 2837 προθορὼν
1765 2753 2101 2839 ἐρίπῃσιν,

340 2848 429 2931 ὧς
470 2852 576 2939 ἄρ’
628 2855 666 2921 ὅ
708 2879 786 2939 γε
835 2858 1193 2942 προθορὼν
1242 2855 1443 2924 πέσεν
1496 2858 1751 2936 ὕπτιος·
1805 2859 1881 2925 ἐν
1925 2858 2006 2924 δέ
2045 2860 2117 2924 οἰ
2156 2861 2342 2944 ἔγχος

339 2960 676 3043 νηδυίοισι
720 2957 872 3046 μαλ’
914 2961 1033 3041 ὀξὺ
1074 2964 1602 3048 κραδαινόμενον
1647 2964 1765 3031 λύε
1807 2976 1982 3049 γυια.

328 3063 578 3151 Ἕκτωρ
625 3064 689 3132 δ’
730 3067 1233 3153 Αὐτομέδοντος
1278 3069 1580 3137 ἀκόντισε
1625 3070 1819 3158 δουρὶ
1864 3079 2145 3160 φαεινω·
2236 3085 2338 3137 525

339 3165 481 3236 ἀλλ’
531 3171 568 3238 ὁ
614 3169 737 3256 μὲν
782 3174 946 3239 ἄντα
983 3175 1148 3240 ἰδὼν
1191 3176 1472 3260 ἠλεύατο
1516 3178 1795 3262 χαλκεον
1840 3181 2052 3262 ἔγχος·

337 3279 606 3360 πρόσσω
650 3279 779 3365 γὰρ
821 3278 1172 3366 κατέκυψε,
1218 3283 1295 3348 τὸ
1342 3279 1405 3348 δ’
1459 3281 1767 3361 ἐξόπιθεν
1813 3284 1982 3369 δόρυ
2025 3285 2277 3371 μακρὸν

340 3384 527 3450 οὔδει
570 3383 1009 3472 ἐνισκίμφθη,
1054 3385 1160 3452 ἐπὶ
1206 3382 1270 3453 δ’
1311 3387 1621 3475 οὐρίαχος
1661 3391 2025 3475 πελεμίχθη

337 3494 585 3578 ἔγχεος·
632 3495 825 3560 ἔνθα
848 3491 910 3559 δ’
954 3491 1152 3560 ἔπειτ’
1175 3494 1379 3580 ἀφίει
1421 3493 1619 3580 μένος
1662 3497 1937 3582 ὄβριμος
1960 3495 2183 3582 ”Λρης.
