2525 3884
1002 225 1303 277 ωΑΔοΣ
1339 227 1482 281 m
2114 221 2242 286 185

223 367 458 453 ,ζἨρη,
504 369 687 434 τίπτε
731 368 846 445 σὸς
887 368 1034 444 υίὸς
1078 367 1238 452 ἐμὸν
1285 367 1446 454 ῥόον
1492 370 1682 454 ἔχραε
1723 368 1952 453 κήδειν

232 474 309 553 ἐξ
355 475 608 552 ἄλλωνς
656 473 738 539 οὐ
782 470 923 557 μέν,
947 496 1053 539 τοι
1095 472 1223 557 ἐγὼ
1269 475 1471 540 τόσον
1516 475 1722 551 αἴτιός
1766 476 1926 558 εἰμι,
2138 489 2242 538 370

226 580 441 647 ὅσσον
487 581 559 646 οί
597 582 785 646 ἄλλοι
829 580 1096 664 πάντες,
1143 580 1290 646 ὅσοι
1342 581 1677 666 Τρώεσσιν
1724 580 1989 668 ἀρωγοί.

223 682 384 753 ἀλλ’
434 682 477 770 ἦ
521 708 627 752 τοι
669 684 791 772 μὲν
835 686 1007 771 έγὼν
1051 685 1545 772 ἀποπαύσομαι,
1592 687 1655 751 εί
1696 688 1782 752 σὺ
1824 687 2142 769 κελεύεις,

222 790 549 859 παυέσθω
597 788 673 858 δὲ
716 790 825 858 καὶ
871 787 1081 870 οὗτος.
1151 792 1279 876 ἐγὼ
1327 788 1388 858 δ’
1440 790 1545 858 ἐπὶ
1589 790 1700 857 καὶ
1742 787 1884 857 τόδ’
1935 793 2241 877 ὀμοῦμαι,

223 902 322 984 μή
365 892 517 964 ποτ’
568 896 675 964 ἐπὶ
725 900 1063 983 Τρώεσσιν
1107 896 1445 983 ἀλεξήσειν
1489 899 1694 964 κακὸν
1737 893 1944 984 ἦμαρ,

222 998 389 1089 μηδ’
440 998 623 1071 ὁπότ’
674 1003 758 1070 ἂν
810 1007 1014 1091 Τροίη
1060 1009 1319 1093 μαλερῷ
1365 1002 1527 1091 πυρὶ
1569 1014 1745 1070 πᾶσα
1791 1005 2027 1088 δάηται
2140 1018 2245 1070 376

225 1108 576 1194 καιομένη,
619 1113 857 1177 καίωσι
903 1106 970 1177 δ’
1022 1110 1244 1196 ἀρήιοι
1287 1101 1427 1188 υἷες
1464 1106 1804 1196 Ἀχαιῶν.“

321 1216 531 1301 αὐτὰρ
577 1214 717 1282 ἐπεὶ
758 1219 835 1282 τό
879 1212 944 1300 γ’
996 1218 1239 1283 ἄκουσε
1282 1216 1442 1300 θεά,
1488 1219 1891 1294 λευκώλενος
1918 1215 2121 1302 Ἥρη,

226 1316 451 1388 αὐτίκ’
502 1317 614 1405 ἄρ’
648 1321 1023 1408 Ἥφαιστον
1066 1323 1535 1410 προσεφώνεεν
1579 1321 1660 1387 ὃν
1704 1324 1905 1406 φίλον
1948 1323 2128 1387 υἱόν·

10 1406 13 1447 ἰ
84 1434 100 1456 “
228 1427 616 1513 ,ξἨφαιστε,
663 1428 839 1514 σχέο,
884 1426 1120 1495 τέκνον
1165 1425 1502 1512 ἀγακλεές·
1540 1427 1621 1493 οὐ
1665 1428 1793 1512 γὰρ
1838 1430 2051 1493 ἔοικεν

227 1534 577 1601 ἀθάνατον
620 1535 789 1600 θεὸν
834 1529 965 1601 ώδε
1009 1538 1270 1619 βροτῶν
1305 1533 1496 1600 ἕνεκα
1542 1534 2017 1619 στυφελίζειν.“
2139 1548 2243 1599 380

326 1636 417 1718 ὧς
460 1636 692 1725 ἔφαθ’,
736 1639 1104 1726 Ἥφαιστος
1160 1636 1236 1705 δὲ
1297 1638 1646 1725 κατέσβεσε
1687 1635 2045 1718 θεσπιδαὲς
2089 1647 2241 1723 πῦρ,

229 1749 540 1832 ἄψορρον
586 1741 654 1811 δ’
704 1748 832 1832 ἄρα
876 1756 1050 1832 κῦμα
1094 1742 1451 1813 κατέσσυτο
1496 1748 1664 1813 καλὰ
1707 1744 1972 1833 ῥέεθρα.

327 1852 535 1938 αὐτὰρ
580 1850 719 1918 ἐπεὶ
763 1853 1060 1927 Ξάνθοιο
1108 1853 1281 1937 δάμη
1327 1849 1545 1936 μένος,
1592 1852 1662 1918 οἱ
1700 1849 1823 1936 μὲν
1869 1852 2089 1918 ἔπειτα

231 1959 668 2040 παυσάσθην·
696 1955 871 2044 Ἤρη
915 1960 1043 2044 γὰρ
1089 1957 1364 2046 ἐρύκακε
1407 1956 1707 2043 χωομένη
1753 1978 1903 2042 περ·

235 2065 314 2132 ἐν
363 2060 429 2128 δ’
482 2065 740 2129 ἄλλοισι
782 2069 1046 2129 θεοῖσιν
1084 2065 1220 2148 ἔρις
1262 2062 1419 2129 πέσε
1464 2065 1821 2147 βεβριθυῖα
2142 2075 2244 2134 385

237 2166 551 2255 ἀργαλέη,
597 2171 747 2255 δίχα
796 2166 874 2235 δέ
914 2185 1078 2253 σφιν
1124 2166 1223 2236 ἐνὶ
1270 2167 1470 2255 φρεσὶ
1510 2169 1733 2253 θυμὸς
1775 2166 1957 2251 ἄητο.

236 2278 371 2341 σὺν
419 2271 486 2340 δ’
529 2278 765 2341 ἔπεσον
801 2274 1059 2362 μεγάλῳ
1095 2275 1384 2361 πατάγῳ,
1434 2274 1636 2362 βράχε
1674 2270 1735 2339 δ’
1778 2273 2001 2358 εὐρεῖα
2036 2273 2245 2358 χθών,

238 2379 414 2466 ἀμφὶ
460 2376 535 2446 δὲ
579 2378 929 2464 σάλπιγξεν
973 2378 1174 2464 μέγας
1219 2378 1529 2465 οὐρανός.
1566 2379 1670 2446 ἄιε
1715 2376 1791 2446 δὲ
1837 2381 2004 2457 Ζεὺς

238 2488 486 2571 ἥμενος
532 2485 864 2573 Οὐλύμπῳ
878 2506 895 2522 ·
939 2485 1250 2570 ἐγέλασσε
1296 2484 1377 2553 δέ
1416 2487 1487 2552 οἰ
1527 2488 1728 2571 φίλον
1771 2483 1932 2573 ἦτορ

239 2593 593 2678 γηθοσύνῃ
609 2641 630 2675 ,
678 2589 788 2658 ὅθ’
833 2591 1031 2677 ὁρᾶτο
1077 2594 1283 2670 θεοὺς
1327 2595 1499 2677 ἔριδι
1544 2592 1905 2673 ξυνιόντας.
2145 2608 2248 2658 390

243 2695 391 2765 ἔνθ’
439 2698 510 2764 οἵ
545 2695 612 2781 γ’
654 2695 874 2763 οὐκέτι
918 2698 1127 2784 δηρὸν
1173 2696 1578 2783 ἀφέστασαν·
1621 2693 1781 2784 ἦρχε
1823 2699 1950 2783 γὰρ
1977 2697 2182 2793 ’Ἀρης

244 2804 622 2891 ῥινοτόρος,
667 2801 778 2868 καὶ
820 2813 1080 2888 πρῶτος
1115 2800 1437 2891 Ἀθηναίῃ
1484 2804 1846 2890 ἐπόρουσεν

242 2912 526 2997 χάλκεον
572 2911 762 2994 ἔγχος
806 2911 1005 2994 ἔχων,
1049 2906 1160 2975 καὶ
1206 2909 1534 2976 ὀνείδειον
1578 2910 1748 2993 φάτο
1795 2914 2045 2994 μῦθον·

244 3012 460 3100 ,,τίπτ’
505 3010 675 3098 αὖτ’,
723 3010 776 3080 ὦ
821 3015 1179 3099 κυνάμυια,
1224 3017 1433 3091 θεοὺς
1476 3015 1649 3098 ἔριδι
1694 3012 2113 3092 ξυνελαύνεις

246 3122 504 3208 θάρσος
546 3123 752 3205 ἄητον
797 3123 1067 3207 ἔχουσα,
1113 3116 1315 3204 μέγας
1360 3119 1439 3186 δέ
1479 3135 1554 3185 σε
1587 3121 1806 3203 θυμὸς
1842 3119 2111 3204 ἀνῆκεν;
2148 3135 2250 3186 395

245 3223 289 3312 ἦ
337 3228 418 3294 οὐ
462 3227 704 3314 μέμνῃ,
752 3228 859 3294 ὅτε
912 3226 1240 3309 Τυδεΐδην
1285 3223 1604 3311 Διομήδε’
1649 3225 1893 3310 ἀνῆκας

250 3334 633 3419 οὐτάμεναι,
680 3332 844 3416 αὐτὴ
891 3328 967 3399 δὲ
1010 3334 1344 3410 πανόψιον
1391 3333 1580 3416 ἔγχος
1625 3330 1867 3398 ἑλοῦσα
1924 3352 1928 3361 ·
2025 3362 2032 3369 ,

249 3443 408 3518 ὐθὺς
451 3440 608 3526 ἐμεῦ
652 3435 856 3520 ὦσας,
905 3439 1015 3503 διὰ
1061 3434 1135 3503 δὲ
1180 3440 1346 3524 χρόα
1389 3438 1593 3502 καλὸν
1638 3438 1913 3513 ἔδαψας;

247 3553 341 3629 τῷ
389 3543 449 3610 6⁹
495 3539 583 3609 αὖ
625 3551 754 3608 νῦν
800 3542 918 3607 ὀίω
965 3540 1385 3627 ἀποτισέμεν,
1434 3542 1598 3605 ὅσσα
1643 3538 1707 3623 μ’
1754 3538 2050 3620 ἔοργας.“
