2525 3884
307 195 443 262 202
1111 199 1415 251 ΙΛΙΑΔοΣ
1449 199 1516 252 X.

308 340 383 406 ἐν
426 344 579 428 γαίῃ
629 342 700 406 δ’
746 341 982 426 ἐπάγη·
1027 341 1156 407 ἀνὰ
1199 336 1260 406 δ’
1310 342 1563 427 ἥρπασε
1609 342 1877 419 Παλλὰς
1912 336 2200 424 Ἀθήνη,

309 445 402 525 ἂψ
457 443 519 513 δ’
574 444 822 532 Ἀχιλῆι
875 448 1100 530 δίδου,
1155 447 1326 512 λάθε
1371 443 1434 513 δ’
1469 445 1751 531 ’Ἕκτορα
1794 444 2077 532 ποιμένα
2120 451 2344 512 λαῶν.

295 549 545 639 Ἕκτωρ
593 550 669 619 δὲ
711 551 1101 639 προσέειπεν
1147 552 1455 638 ἀμύμονα
1499 555 1880 636 Πηλεΐωνα·

308 660 701 744 ,,ήμβροτες,
749 653 898 725 οὐδ’
947 661 1075 745 ἄρα
1118 659 1219 724 πώ
1264 681 1361 742 τι,
1413 665 1602 735 θεοῖς
1646 656 1951 725 ἐπιείκελ’
1994 656 2340 744 Ἀχιλλεῦ,

310 765 381 831 ἐκ
424 766 593 842 Διὸς
635 765 864 849 ἠείδης
904 765 1024 829 τὸν
1071 763 1232 849 ἐμὸν
1278 766 1514 850 μόρον·
1559 758 1604 847 ἦ
1646 786 1753 828 τοι
1798 767 1962 849 ἔφης
2006 783 2109 847 γε·
2222 779 2340 830 280

311 870 475 936 ἀλλά
517 895 617 948 τις
661 869 968 956 ἀρτιεπὴς
1010 867 1122 935 καὶ
1167 870 1519 947 ἐπίκλοπος
1563 871 1756 935 ἔπλεο
1801 871 2073 955 μύθων,

309 978 488 1063 ὄφρα
535 971 602 1042 σ’
651 975 1008 1052 ὑποδείσας
1054 975 1285 1061 μένεος
1329 975 1528 1060 ἀλκῆς
1570 999 1643 1042 τε
1687 977 2015 1060 λάθωμαι.

311 1081 395 1148 οὐ
439 1079 561 1168 μέν
606 1105 720 1167 μοι
764 1082 1083 1166 φεύγοντι
1127 1079 1516 1169 μεταφρένῳ
1563 1080 1638 1147 ἐν
1684 1081 1852 1167 δόρυ
1893 1078 2143 1165 πήξεις,

311 1182 456 1253 ἀλλ’
507 1189 662 1265 ἰθὺς
706 1197 996 1273 μεμαῶτι
1040 1187 1153 1252 διὰ
1195 1189 1571 1272 στήθεσφιν
1616 1189 1929 1270 ἔλασσον,
2251 1274 2254 1277 ¹

313 1299 380 1360 εἴ
413 1317 519 1359 τοι
563 1294 768 1359 ἔδωκε
810 1296 999 1371 θεός·
1044 1302 1173 1359 νῦν
1219 1288 1367 1359 αὖτ’
1420 1293 1580 1377 ἐμὸν
1624 1295 1814 1378 ἔγχος
1856 1294 2087 1358 ἄλευαι
2221 1306 2333 1356 285

314 1400 614 1484 χάλκεον·
660 1400 751 1478 ὡς
797 1401 881 1485 δή
926 1423 1040 1485 μιν
1085 1407 1180 1488 σῷ
1227 1398 1304 1465 ἐν
1346 1401 1501 1486 χροῒ
1539 1407 1672 1465 πᾶν
1714 1402 2049 1485 κομίσαιο·

312 1508 429 1571 καί
464 1528 582 1571 κεν
625 1504 1069 1591 ἐλαφρότερος
1111 1506 1396 1588 πόλεμος
1447 1505 1743 1591 Τρώεσσι
1785 1504 2045 1589 γένοιτο
2093 1526 2096 1527 ’

314 1621 454 1676 σεῖο
497 1610 1050 1696 καταφθιμένοιο·
1096 1613 1183 1676 σὺ
1226 1611 1355 1713 γάρ
1402 1626 1593 1695 σφισι
1637 1620 1818 1696 πῆμα
1853 1610 2181 1696 μέγιστον.
2185 1613 2229 1648 “

399 1711 442 1800 ἦ
489 1715 573 1801 ῥα
617 1713 727 1781 καὶ
771 1715 1168 1801 ἀμπεπαλων
1210 1707 1429 1802 προΐει
1475 1717 1893 1801 δολιχόσκιον
1939 1719 2155 1800 ἔγχος,

314 1820 422 1888 καὶ
468 1823 630 1906 βάλε
671 1822 1008 1904 Πηλεΐδαο
1054 1820 1257 1905 μέσον
1301 1822 1503 1900 σάκος
1548 1818 1693 1888 οὐδ’
1747 1821 2154 1908 ἀφάμαρτεν·
2220 1838 2328 1888 290

313 1933 467 2014 τῆλε
511 1925 578 1994 δ’
630 1926 1058 2011 ἀπεπλάγχθη
1107 1927 1354 2005 σάκεος·
1385 1928 1569 2014 δόρυ.
1634 1927 1891 2012 χώσατο
1929 1924 2001 1991 δ’
2047 1925 2326 2013 Ἕκτωρ,
2359 1952 2364 1955 ’

316 2036 455 2102 ὅττι
499 2033 584 2120 ρά
628 2034 701 2100 οἰ
738 2032 933 2116 βέλος
978 2032 1132 2106 ώκὺ,
1160 2032 1436 2099 ἐτώσιον
1483 2036 1727 2118 ἔκφυγε
1771 2035 2018 2119 χειρός,

317 2149 436 2225 στῆ
484 2137 558 2205 δὲ
600 2142 1003 2224 κατηφήσας,
1051 2134 1200 2205 οὐδ’
1251 2133 1400 2204 ἄλλ’
1451 2141 1556 2224 ἔχε
1600 2143 1899 2223 μείλινον
1943 2141 2147 2223 ἔγχος.

315 2248 671 2330 Δηίφοβον
718 2240 780 2310 δ’
831 2244 1046 2311 ἐκάλει
1089 2244 1493 2310 λευκάσπιδα
1538 2245 1793 2329 μακρὸν
1837 2243 2069 2322 ἀύσας·

315 2350 469 2438 ᾔτεέ
506 2375 622 2436 μιν
667 2352 836 2437 δόρυ
879 2352 1158 2436 μακρόν·
1203 2350 1241 2416 ὁ
1289 2344 1355 2415 δ’
1397 2351 1480 2416 οὔ
1514 2353 1587 2415 τί
1616 2351 1687 2417 οί
1717 2350 2004 2436 ἐγγύθεν
2038 2345 2175 2434 ἦεν.
2220 2367 2322 2417 295

313 2450 557 2543 Ἕκτωρ
604 2453 667 2521 δ’
719 2459 889 2540 ἔγνω
934 2447 1091 2542 ᾖσιν
1136 2453 1238 2522 ἐνὶ
1284 2454 1483 2541 φρεσὶ
1526 2456 1839 2541 φώνησέν
1882 2473 1978 2522 τε·

318 2562 416 2647 ,,ὢ
460 2564 682 2644 πόποι,
726 2557 768 2644 ἦ
815 2562 988 2645 μάλα
1034 2562 1117 2646 δή
1163 2585 1243 2646 με
1287 2559 1442 2628 θεοὶ
1484 2564 1862 2629 θανατόνδε
1904 2539 2258 2628 κάλεσσαν·

317 2670 675 2752 Δηίφοβον
717 2667 845 2750 γὰρ
891 2666 1017 2750 ἐγώ
1062 2664 1126 2750 γ’
1178 2666 1442 2753 ἐφάμην
1484 2669 1670 2753 ἥρωα
1713 2679 2044 2755 παρεῖναι·

319 2769 461 2839 ἀλλ’
513 2772 549 2839 ὁ
594 2768 717 2857 μὲν
763 2771 837 2837 ἐν
879 2773 1097 2856 τείχει,
1145 2769 1257 2857 ἐμὲ
1305 2772 1367 2838 δ’
1417 2773 1816 2857 ἐξαπάτησεν
1858 2769 2126 2858 Ἀθήνη.
2192 2806 2196 2810 >

319 2886 447 2944 νῦν
495 2876 569 2944 δὲ
606 2878 688 2962 δὴ
725 2877 965 2962 ἐγγύθι
1001 2900 1115 2962 μοι
1148 2878 1444 2957 θάνατος
1477 2880 1675 2956 κακὸς
1712 2878 1875 2945 οὐδέ
1909 2875 1973 2945 τ’
2015 2881 2318 2965 ἄνευθεν,

321 2979 472 3050 οὐδ’
525 2983 707 3067 ἀλέη·
751 2979 793 3067 ἦ
839 2983 963 3067 γάρ
1010 2983 1095 3069 ῥα
1138 2983 1340 3049 πάλαι
1383 2987 1460 3049 τό
1503 3007 1580 3068 γε
1625 2987 1941 3070 φίλτερον
1984 2980 2103 3069 ἦεν
2222 3004 2316 3052 301

322 3091 498 3173 Ζηνί
533 3112 604 3156 τε
647 3087 759 3155 καὶ
800 3091 969 3166 Διὸς
1010 3079 1108 3154 υἷι
1154 3087 1469 3177 ἕκηβόλω,
1517 3090 1588 3154 οἳ
1625 3114 1705 3176 με
1749 3087 1955 3176 πάρος
1997 3115 2074 3175 γε

321 3198 700 3282 πρόφρονες
745 3196 1036 3279 εἰρύατο·
1079 3204 1208 3261 νῦν
1254 3190 1417 3261 αὖτέ
1455 3185 1544 3280 με’
1581 3207 1780 3282 μοῖρα
1824 3198 2094 3282 κιχάνει.

322 3303 410 3387 μὴ
458 3302 588 3386 μὰν
634 3299 926 3365 ἀσπουδί
961 3323 1038 3383 γε
1080 3297 1191 3365 καὶ
1235 3300 1507 3378 ἀκλειῶς
1552 3300 1949 3387 ἀπολοίμην,

323 3407 488 3472 ἀλλά
533 3404 699 3491 μέγα
743 3402 932 3489 ῥέξας
973 3428 1038 3470 τι
1078 3402 1191 3471 καὶ
1234 3405 1653 3491 ἐσσομένοισι
1696 3407 2098 3475 πυθέσθαι.“
2222 3426 2315 3476 305

415 3507 504 3589 ὦς
549 3512 675 3596 ἄρα
722 3513 1036 3595 φωνήσας
1079 3511 1427 3597 εἰρύσσατο
1475 3512 1823 3597 φάσγανον
1868 3514 2017 3617 ὀξύ,
2064 3559 2068 3563 .
