<?xml version="1.0" encoding="UTF-8"?>
<!DOCTYPE html PUBLIC "-//W3C//DTD XHTML 1.0 Transitional//EN"
    "http://www.w3.org/TR/xhtml1/DTD/xhtml1-transitional.dtd">
<html xmlns="http://www.w3.org/1999/xhtml" xml:lang="en" lang="en">
 <head>
  <title>
</title>
<meta http-equiv="Content-Type" content="text/html;charset=utf-8" />
  <meta name='ocr-system' content='tesseract 3.04.00' />
  <meta name='ocr-capabilities' content='ocr_page ocr_carea ocr_par ocr_line ocrx_word'/>
</head>
<body>
  <div class='ocr_page' id='page_1' title='image "./homeriilias00wolfgoog_0158.png"; bbox 0 0 2525 3884; ppageno 0'>
   <div class='ocr_carea' id='block_1_1' title="bbox 287 110 1483 219">
    <p class='ocr_par' dir='ltr' id='par_1_1' title="bbox 287 110 1483 219">
     <span class='ocr_line' id='line_1_1' title="bbox 287 110 1483 219; baseline -0.006 0"><span class='ocrx_word' id='word_1_1' title='bbox 287 154 416 219; x_wconf 85' lang='lat'><strong><em>146</em></strong></span> <span class='ocrx_word' id='word_1_2' title='bbox 968 110 971 113; x_wconf 8' lang='grc' dir='ltr'><strong>Δ</strong></span> <span class='ocrx_word' id='word_1_3' title='bbox 1087 158 1389 210; x_wconf 79' lang='grc' dir='ltr'><strong>ΙΛΙΑΔΟΣ</strong></span> <span class='ocrx_word' id='word_1_4' title='bbox 1424 159 1483 212; x_wconf 83' lang='grc' dir='ltr'><strong><em>Τ.</em></strong></span> 
     </span>
    </p>
   </div>
   <div class='ocr_carea' id='block_1_2' title="bbox 277 291 2303 491">
    <p class='ocr_par' dir='ltr' id='par_1_2' title="bbox 277 291 2303 491">
     <span class='ocr_line' id='line_1_2' title="bbox 277 291 1775 388; baseline 0.001 -24"><span class='ocrx_word' id='word_1_5' title='bbox 277 291 603 384; x_wconf 79' lang='grc' dir='ltr'><strong><em>Ἀλκμήνη</em></strong></span> <span class='ocrx_word' id='word_1_6' title='bbox 647 297 954 378; x_wconf 81' lang='grc' dir='ltr'><strong><em>τέξεσθαι</em></strong></span> <span class='ocrx_word' id='word_1_7' title='bbox 998 299 1379 388; x_wconf 74' lang='grc' dir='ltr'><strong><em>ἐυστεφάνῳ</em></strong></span> <span class='ocrx_word' id='word_1_8' title='bbox 1426 297 1529 366; x_wconf 80' lang='grc' dir='ltr'><strong><em>ἐνὶ</em></strong></span> <span class='ocrx_word' id='word_1_9' title='bbox 1573 302 1775 386; x_wconf 80' lang='grc' dir='ltr'><strong><em>Θήβῃ.</em></strong></span> 
     </span>
     <span class='ocr_line' id='line_1_3' title="bbox 284 399 2303 491; baseline 0.002 -21"><span class='ocrx_word' id='word_1_10' title='bbox 284 399 326 488; x_wconf 82' lang='grc' dir='ltr'><strong><em>ἦ</em></strong></span> <span class='ocrx_word' id='word_1_11' title='bbox 371 427 475 471; x_wconf 90' lang='grc' dir='ltr'><strong><em>τοι</em></strong></span> <span class='ocrx_word' id='word_1_12' title='bbox 520 405 557 471; x_wconf 80' lang='grc' dir='ltr'>ὅ</span> <span class='ocrx_word' id='word_1_13' title='bbox 600 399 664 489; x_wconf 89' lang='grc' dir='ltr'><strong><em>γ’</em></strong></span> <span class='ocrx_word' id='word_1_14' title='bbox 715 406 1069 491; x_wconf 82' lang='grc' dir='ltr'><strong><em>εὐχόμενος</em></strong></span> <span class='ocrx_word' id='word_1_15' title='bbox 1113 404 1359 491; x_wconf 85' lang='grc' dir='ltr'><strong><em>μετέφη</em></strong></span> <span class='ocrx_word' id='word_1_16' title='bbox 1405 405 1719 473; x_wconf 78' lang='grc' dir='ltr'><em>πάντεσσι</em></span> <span class='ocrx_word' id='word_1_17' title='bbox 1762 413 2054 473; x_wconf 74' lang='grc' dir='ltr'><strong><em>θεοῖσιν·</em></strong></span> <span class='ocrx_word' id='word_1_18' title='bbox 2194 425 2303 474; x_wconf 94' lang='grc'><strong><em>100</em></strong></span> 
     </span>
    </p>
   </div>
   <div class='ocr_carea' id='block_1_3' title="bbox 148 508 2087 596">
    <p class='ocr_par' dir='ltr' id='par_1_3' title="bbox 148 508 2087 596">
     <span class='ocr_line' id='line_1_4' title="bbox 148 508 2087 596; baseline 0.001 -21"><span class='ocrx_word' id='word_1_19' title='bbox 148 582 152 585; x_wconf 48' lang='grc'><strong><em>,</em></strong></span> <span class='ocrx_word' id='word_1_20' title='bbox 283 508 602 593; x_wconf 82' lang='grc' dir='ltr'><strong><em>,,κέκλυτέ</em></strong></span> <span class='ocrx_word' id='word_1_21' title='bbox 642 536 795 596; x_wconf 91' lang='grc' dir='ltr'><strong><em>μευ,</em></strong></span> <span class='ocrx_word' id='word_1_22' title='bbox 841 512 1078 589; x_wconf 85' lang='grc' dir='ltr'><strong><em>πάντες</em></strong></span> <span class='ocrx_word' id='word_1_23' title='bbox 1119 534 1190 577; x_wconf 89' lang='grc' dir='ltr'><strong><em>τε</em></strong></span> <span class='ocrx_word' id='word_1_24' title='bbox 1234 509 1389 577; x_wconf 84' lang='grc' dir='ltr'><strong><em>θεοὶ</em></strong></span> <span class='ocrx_word' id='word_1_25' title='bbox 1431 515 1642 578; x_wconf 84' lang='grc' dir='ltr'><strong><em>πᾶσαί</em></strong></span> <span class='ocrx_word' id='word_1_26' title='bbox 1675 535 1748 578; x_wconf 90' lang='grc' dir='ltr'><strong><em>τε</em></strong></span> <span class='ocrx_word' id='word_1_27' title='bbox 1789 510 2087 587; x_wconf 78' lang='grc' dir='ltr'><strong><em>θέαιναι,</em></strong></span> 
     </span>
    </p>
   </div>
   <div class='ocr_carea' id='block_1_4' title="bbox 228 614 2304 3555">
    <p class='ocr_par' dir='ltr' id='par_1_4' title="bbox 285 614 2055 814">
     <span class='ocr_line' id='line_1_5' title="bbox 285 614 2055 703; baseline 0.001 -21"><span class='ocrx_word' id='word_1_28' title='bbox 285 614 441 703; x_wconf 80' lang='grc' dir='ltr'><strong><em>ὄφρ’</em></strong></span> <span class='ocrx_word' id='word_1_29' title='bbox 493 623 683 701; x_wconf 76' lang='grc' dir='ltr'><strong><em>εἴπω,</em></strong></span> <span class='ocrx_word' id='word_1_30' title='bbox 728 619 808 683; x_wconf 86' lang='grc' dir='ltr'><strong><em>τά</em></strong></span> <span class='ocrx_word' id='word_1_31' title='bbox 853 641 955 703; x_wconf 46' lang='grc' dir='ltr'><strong><em>με’</em></strong></span> <span class='ocrx_word' id='word_1_32' title='bbox 978 619 1198 702; x_wconf 91' lang='grc' dir='ltr'><strong><em>θυμὸς</em></strong></span> <span class='ocrx_word' id='word_1_33' title='bbox 1241 615 1343 683; x_wconf 79' lang='grc' dir='ltr'><strong><em>ἐνὶ</em></strong></span> <span class='ocrx_word' id='word_1_34' title='bbox 1387 619 1749 700; x_wconf 78' lang='grc' dir='ltr'><strong><em>στήθεσσιν</em></strong></span> <span class='ocrx_word' id='word_1_35' title='bbox 1794 617 2055 701; x_wconf 77' lang='grc' dir='ltr'><strong><em>ἀνώγει.</em></strong></span> 
     </span>
     <span class='ocr_line' id='line_1_6' title="bbox 285 718 1959 814; baseline 0.001 -27"><span class='ocrx_word' id='word_1_36' title='bbox 285 725 574 810; x_wconf 80' lang='grc' dir='ltr'><strong><em>σήμερον</em></strong></span> <span class='ocrx_word' id='word_1_37' title='bbox 618 725 832 810; x_wconf 78' lang='grc' dir='ltr'><strong><em>ἄνδρα</em></strong></span> <span class='ocrx_word' id='word_1_38' title='bbox 878 725 1145 808; x_wconf 89' lang='grc' dir='ltr'><strong><em>φόωσδε</em></strong></span> <span class='ocrx_word' id='word_1_39' title='bbox 1188 727 1591 809; x_wconf 78' lang='grc' dir='ltr'><strong><em>μογοστόκος</em></strong></span> <span class='ocrx_word' id='word_1_40' title='bbox 1619 718 1959 814; x_wconf 56' lang='grc' dir='ltr'><strong><em>Εἰλείθυια</em></strong></span> 
     </span>
    </p>

    <p class='ocr_par' dir='ltr' id='par_1_5' title="bbox 284 828 1922 917">
     <span class='ocr_line' id='line_1_7' title="bbox 284 828 1922 917; baseline 0.001 -22"><span class='ocrx_word' id='word_1_41' title='bbox 284 828 576 914; x_wconf 74' lang='grc' dir='ltr'><strong><em>ἐκφανεῖ,</em></strong></span> <span class='ocrx_word' id='word_1_42' title='bbox 623 829 697 907; x_wconf 81' lang='grc' dir='ltr'><strong><em>ὃς</em></strong></span> <span class='ocrx_word' id='word_1_43' title='bbox 739 830 1053 896; x_wconf 80' lang='grc' dir='ltr'><strong><em>πάντεσσι</em></strong></span> <span class='ocrx_word' id='word_1_44' title='bbox 1097 832 1622 917; x_wconf 80' lang='grc' dir='ltr'><strong><em>περικτιόνεσσιν</em></strong></span> <span class='ocrx_word' id='word_1_45' title='bbox 1666 829 1922 914; x_wconf 81' lang='grc' dir='ltr'><strong><em>ἀνάξει,</em></strong></span> 
     </span>
    </p>

    <p class='ocr_par' dir='ltr' id='par_1_6' title="bbox 281 933 2302 1235">
     <span class='ocr_line' id='line_1_8' title="bbox 282 933 2302 1021; baseline 0.002 -23"><span class='ocrx_word' id='word_1_46' title='bbox 282 945 416 1001; x_wconf 80' lang='grc' dir='ltr'><strong><em>τῶν</em></strong></span> <span class='ocrx_word' id='word_1_47' title='bbox 461 935 728 1021; x_wconf 82' lang='grc' dir='ltr'><strong><em>ἀνδρῶν</em></strong></span> <span class='ocrx_word' id='word_1_48' title='bbox 771 943 1029 1019; x_wconf 80' lang='grc' dir='ltr'><strong><em>γενεῆς,</em></strong></span> <span class='ocrx_word' id='word_1_49' title='bbox 1077 936 1150 1001; x_wconf 77' lang='grc' dir='ltr'><strong><em>οἵ</em></strong></span> <span class='ocrx_word' id='word_1_50' title='bbox 1178 933 1252 1001; x_wconf 89' lang='grc' dir='ltr'><strong><em>θ’</em></strong></span> <span class='ocrx_word' id='word_1_51' title='bbox 1306 936 1578 1020; x_wconf 79' lang='grc' dir='ltr'><strong><em>αἵματος</em></strong></span> <span class='ocrx_word' id='word_1_52' title='bbox 1615 935 1682 1015; x_wconf 78' lang='grc' dir='ltr'><strong><em>ἐξ</em></strong></span> <span class='ocrx_word' id='word_1_53' title='bbox 1719 936 1875 1020; x_wconf 81' lang='grc' dir='ltr'><strong><em>ἐμεῦ</em></strong></span> <span class='ocrx_word' id='word_1_54' title='bbox 1911 937 2152 1002; x_wconf 81' lang='grc' dir='ltr'><strong><em>εἰσίν.“</em></strong></span> <span class='ocrx_word' id='word_1_55' title='bbox 2193 953 2302 1003; x_wconf 82' lang='grc'><strong><em>105</em></strong></span> 
     </span>
     <span class='ocr_line' id='line_1_9' title="bbox 287 1038 2017 1129; baseline 0.001 -24"><span class='ocrx_word' id='word_1_56' title='bbox 287 1041 402 1108; x_wconf 87' lang='grc' dir='ltr'><strong><em>τὸν</em></strong></span> <span class='ocrx_word' id='word_1_57' title='bbox 450 1038 524 1107; x_wconf 72' lang='grc' dir='ltr'><strong><em>δὲ</em></strong></span> <span class='ocrx_word' id='word_1_58' title='bbox 571 1039 1117 1126; x_wconf 77' lang='grc' dir='ltr'><strong><em>δολοφρονέουσα</em></strong></span> <span class='ocrx_word' id='word_1_59' title='bbox 1161 1042 1512 1128; x_wconf 78' lang='grc' dir='ltr'><strong><em>προσηύδα</em></strong></span> <span class='ocrx_word' id='word_1_60' title='bbox 1555 1045 1796 1107; x_wconf 89' lang='grc' dir='ltr'><strong><em>πότνια</em></strong></span> <span class='ocrx_word' id='word_1_61' title='bbox 1822 1040 2017 1129; x_wconf 89' lang='grc' dir='ltr'><strong><em>Ἥρη·</em></strong></span> 
     </span>
     <span class='ocr_line' id='line_1_10' title="bbox 281 1142 2017 1235; baseline 0.001 -23"><span class='ocrx_word' id='word_1_62' title='bbox 281 1149 742 1230; x_wconf 75' lang='grc' dir='ltr'><strong><em>,,ψευστήσεις,</em></strong></span> <span class='ocrx_word' id='word_1_63' title='bbox 789 1144 935 1212; x_wconf 83' lang='grc' dir='ltr'><strong><em>οὐδ’</em></strong></span> <span class='ocrx_word' id='word_1_64' title='bbox 989 1142 1145 1212; x_wconf 81' lang='grc' dir='ltr'><strong><em>αὖτε</em></strong></span> <span class='ocrx_word' id='word_1_65' title='bbox 1189 1146 1376 1224; x_wconf 88' lang='grc' dir='ltr'><strong><em>τέλος</em></strong></span> <span class='ocrx_word' id='word_1_66' title='bbox 1420 1147 1615 1235; x_wconf 71' lang='grc' dir='ltr'><strong><em>μύθῳ</em></strong></span> <span class='ocrx_word' id='word_1_67' title='bbox 1664 1147 2017 1231; x_wconf 75' lang='grc' dir='ltr'><strong><em>ἐπιθήσεις.</em></strong></span> 
     </span>
    </p>

    <p class='ocr_par' dir='ltr' id='par_1_7' title="bbox 228 1248 2304 1444">
     <span class='ocr_line' id='line_1_11' title="bbox 228 1248 2304 1341; baseline 0.003 -26"><span class='ocrx_word' id='word_1_68' title='bbox 228 1259 233 1265; x_wconf 87' lang='grc'>’</span> <span class='ocrx_word' id='word_1_69' title='bbox 282 1252 344 1316; x_wconf 84' lang='grc' dir='ltr'><strong><em>εἰ</em></strong></span> <span class='ocrx_word' id='word_1_70' title='bbox 387 1248 447 1315; x_wconf 91' lang='grc' dir='ltr'><strong><em>δ’</em></strong></span> <span class='ocrx_word' id='word_1_71' title='bbox 499 1252 618 1334; x_wconf 77' lang='grc' dir='ltr'><strong><em>ἄγε</em></strong></span> <span class='ocrx_word' id='word_1_72' title='bbox 660 1260 790 1318; x_wconf 85' lang='grc' dir='ltr'><strong><em>νῦν</em></strong></span> <span class='ocrx_word' id='word_1_73' title='bbox 833 1277 948 1337; x_wconf 89' lang='grc' dir='ltr'><strong><em>μοι</em></strong></span> <span class='ocrx_word' id='word_1_74' title='bbox 992 1255 1306 1338; x_wconf 80' lang='grc' dir='ltr'><strong><em>ὄμοσσον,</em></strong></span> <span class='ocrx_word' id='word_1_75' title='bbox 1338 1249 1663 1338; x_wconf 85' lang='grc' dir='ltr'><strong><em>Ὀλύμπιε,</em></strong></span> <span class='ocrx_word' id='word_1_76' title='bbox 1709 1256 2029 1340; x_wconf 86' lang='grc' dir='ltr'><strong><em>καρτερὸν</em></strong></span> <span class='ocrx_word' id='word_1_77' title='bbox 2066 1255 2304 1341; x_wconf 82' lang='grc' dir='ltr'><strong><em>ὅρκον,</em></strong></span> 
     </span>
     <span class='ocr_line' id='line_1_12' title="bbox 280 1352 1920 1444; baseline 0.001 -21"><span class='ocrx_word' id='word_1_78' title='bbox 280 1352 322 1441; x_wconf 82' lang='grc' dir='ltr'><strong><em>ἦ</em></strong></span> <span class='ocrx_word' id='word_1_79' title='bbox 368 1353 491 1442; x_wconf 72' lang='grc' dir='ltr'><strong><em>μὲν</em></strong></span> <span class='ocrx_word' id='word_1_80' title='bbox 534 1359 653 1424; x_wconf 88' lang='grc' dir='ltr'><strong><em>τὸν</em></strong></span> <span class='ocrx_word' id='word_1_81' title='bbox 696 1359 1012 1424; x_wconf 90' lang='grc' dir='ltr'><strong><em>πάντεσσι</em></strong></span> <span class='ocrx_word' id='word_1_82' title='bbox 1056 1361 1582 1444; x_wconf 82' lang='grc' dir='ltr'><strong><em>περικτιόνεσσιν</em></strong></span> <span class='ocrx_word' id='word_1_83' title='bbox 1625 1358 1920 1444; x_wconf 83' lang='grc' dir='ltr'><strong><em>ἀνάξειν,</em></strong></span> 
     </span>
    </p>

    <p class='ocr_par' dir='ltr' id='par_1_8' title="bbox 278 1460 2301 1656">
     <span class='ocr_line' id='line_1_13' title="bbox 281 1460 2301 1553; baseline 0.003 -26"><span class='ocrx_word' id='word_1_84' title='bbox 281 1463 354 1540; x_wconf 86' lang='grc' dir='ltr'><strong><em>ὅς</em></strong></span> <span class='ocrx_word' id='word_1_85' title='bbox 387 1487 503 1529; x_wconf 88' lang='grc' dir='ltr'><strong><em>κεν</em></strong></span> <span class='ocrx_word' id='word_1_86' title='bbox 548 1460 648 1529; x_wconf 81' lang='grc' dir='ltr'><strong><em>ἐπ’</em></strong></span> <span class='ocrx_word' id='word_1_87' title='bbox 689 1466 887 1549; x_wconf 79' lang='grc' dir='ltr'><strong><em>ἤματι</em></strong></span> <span class='ocrx_word' id='word_1_88' title='bbox 929 1466 1100 1553; x_wconf 71' lang='grc' dir='ltr'><strong><em>τῷδε</em></strong></span> <span class='ocrx_word' id='word_1_89' title='bbox 1144 1463 1308 1549; x_wconf 83' lang='grc' dir='ltr'><strong><em>πέσῃ</em></strong></span> <span class='ocrx_word' id='word_1_90' title='bbox 1356 1466 1517 1549; x_wconf 80' lang='grc' dir='ltr'><strong><em>μετὰ</em></strong></span> <span class='ocrx_word' id='word_1_91' title='bbox 1559 1463 1760 1531; x_wconf 81' lang='grc' dir='ltr'><strong><em>ποσσὶ</em></strong></span> <span class='ocrx_word' id='word_1_92' title='bbox 1803 1468 2116 1549; x_wconf 86' lang='grc' dir='ltr'><strong><em>γυναικὸς</em></strong></span> <span class='ocrx_word' id='word_1_93' title='bbox 2194 1485 2301 1535; x_wconf 89' lang='grc'><strong><em>110</em></strong></span> 
     </span>
     <span class='ocr_line' id='line_1_14' title="bbox 278 1568 2052 1656; baseline 0.003 -24"><span class='ocrx_word' id='word_1_94' title='bbox 278 1578 412 1633; x_wconf 83' lang='grc' dir='ltr'><strong><em>τῶν</em></strong></span> <span class='ocrx_word' id='word_1_95' title='bbox 458 1568 746 1654; x_wconf 75' lang='grc' dir='ltr'><strong><em>ἀνδρῶν,</em></strong></span> <span class='ocrx_word' id='word_1_96' title='bbox 793 1573 865 1634; x_wconf 81' lang='grc' dir='ltr'><strong><em>οἳ</em></strong></span> <span class='ocrx_word' id='word_1_97' title='bbox 904 1578 1022 1653; x_wconf 82' lang='grc' dir='ltr'><strong><em>σῆς</em></strong></span> <span class='ocrx_word' id='word_1_98' title='bbox 1067 1569 1132 1648; x_wconf 82' lang='grc' dir='ltr'><strong><em>ἐξ</em></strong></span> <span class='ocrx_word' id='word_1_99' title='bbox 1178 1571 1451 1655; x_wconf 79' lang='grc' dir='ltr'><strong><em>αἵματός</em></strong></span> <span class='ocrx_word' id='word_1_100' title='bbox 1495 1571 1624 1636; x_wconf 85' lang='grc' dir='ltr'><strong><em>εἰσι</em></strong></span> <span class='ocrx_word' id='word_1_101' title='bbox 1666 1568 2052 1656; x_wconf 84' lang='grc' dir='ltr'><strong><em>γενέθλης.“</em></strong></span> 
     </span>
    </p>

    <p class='ocr_par' dir='ltr' id='par_1_9' title="bbox 264 1669 2221 1972">
     <span class='ocr_line' id='line_1_15' title="bbox 281 1669 2121 1763; baseline 0.002 -24"><span class='ocrx_word' id='word_1_102' title='bbox 281 1669 369 1751; x_wconf 82' lang='grc' dir='ltr'><strong><em>ὧς</em></strong></span> <span class='ocrx_word' id='word_1_103' title='bbox 413 1677 644 1757; x_wconf 79' lang='grc' dir='ltr'><strong><em>ἔφατο·</em></strong></span> <span class='ocrx_word' id='word_1_104' title='bbox 692 1676 859 1751; x_wconf 86' lang='grc' dir='ltr'><strong><em>Ζεὺς</em></strong></span> <span class='ocrx_word' id='word_1_105' title='bbox 905 1671 966 1738; x_wconf 86' lang='grc' dir='ltr'><strong><em>δ’</em></strong></span> <span class='ocrx_word' id='word_1_106' title='bbox 1019 1675 1102 1740; x_wconf 79' lang='grc' dir='ltr'><strong><em>οὔ</em></strong></span> <span class='ocrx_word' id='word_1_107' title='bbox 1145 1697 1210 1740; x_wconf 92' lang='grc' dir='ltr'><strong><em>τι</em></strong></span> <span class='ocrx_word' id='word_1_108' title='bbox 1255 1676 1771 1762; x_wconf 76' lang='grc' dir='ltr'><strong><em>δολοφροσύνην</em></strong></span> <span class='ocrx_word' id='word_1_109' title='bbox 1817 1676 2121 1763; x_wconf 80' lang='grc' dir='ltr'><strong><em>ἐνόησεν,</em></strong></span> 
     </span>
     <span class='ocr_line' id='line_1_16' title="bbox 280 1774 2221 1869; baseline 0.004 -26"><span class='ocrx_word' id='word_1_110' title='bbox 280 1774 422 1844; x_wconf 89' lang='grc' dir='ltr'><strong><em>ἀλλ’</em></strong></span> <span class='ocrx_word' id='word_1_111' title='bbox 473 1780 717 1862; x_wconf 80' lang='grc' dir='ltr'><strong><em>ὄμοσεν</em></strong></span> <span class='ocrx_word' id='word_1_112' title='bbox 761 1778 969 1863; x_wconf 87' lang='grc' dir='ltr'><strong><em>μέγαν</em></strong></span> <span class='ocrx_word' id='word_1_113' title='bbox 1016 1781 1249 1866; x_wconf 83' lang='grc' dir='ltr'><strong><em>ὅρκον,</em></strong></span> <span class='ocrx_word' id='word_1_114' title='bbox 1298 1785 1517 1847; x_wconf 80' lang='grc' dir='ltr'><strong><em>ἔπειτα</em></strong></span> <span class='ocrx_word' id='word_1_115' title='bbox 1564 1779 1638 1847; x_wconf 67' lang='grc' dir='ltr'><strong><em>δὲ</em></strong></span> <span class='ocrx_word' id='word_1_116' title='bbox 1683 1784 1932 1848; x_wconf 84' lang='grc' dir='ltr'><strong><em>πολλὸν</em></strong></span> <span class='ocrx_word' id='word_1_117' title='bbox 1977 1783 2221 1869; x_wconf 88' lang='grc' dir='ltr'><strong><em>ἀάσθη.</em></strong></span> 
     </span>
     <span class='ocr_line' id='line_1_17' title="bbox 264 1879 1732 1972; baseline 0.003 -23"><span class='ocrx_word' id='word_1_118' title='bbox 264 1882 438 1971; x_wconf 61' lang='lat' dir='ltr'><strong><em>”Hpq</em></strong></span> <span class='ocrx_word' id='word_1_119' title='bbox 486 1879 546 1949; x_wconf 88' lang='grc' dir='ltr'><strong><em>δ’</em></strong></span> <span class='ocrx_word' id='word_1_120' title='bbox 596 1883 831 1963; x_wconf 82' lang='grc' dir='ltr'><strong><em>ἀίξασα</em></strong></span> <span class='ocrx_word' id='word_1_121' title='bbox 877 1888 1068 1952; x_wconf 88' lang='grc' dir='ltr'><strong><em>λίπεν</em></strong></span> <span class='ocrx_word' id='word_1_122' title='bbox 1113 1884 1265 1970; x_wconf 79' lang='grc' dir='ltr'><strong><em>ῥίον</em></strong></span> <span class='ocrx_word' id='word_1_123' title='bbox 1314 1887 1732 1972; x_wconf 84' lang='grc' dir='ltr'><strong><em>Οὐλύμποιο,</em></strong></span> 
     </span>
    </p>

    <p class='ocr_par' dir='ltr' id='par_1_10' title="bbox 275 1988 2293 2185">
     <span class='ocr_line' id='line_1_18' title="bbox 275 1988 2293 2081; baseline 0.003 -24"><span class='ocrx_word' id='word_1_124' title='bbox 275 1993 699 2077; x_wconf 80' lang='grc' dir='ltr'><strong><em>καρπαλίμως</em></strong></span> <span class='ocrx_word' id='word_1_125' title='bbox 735 1988 798 2056; x_wconf 86' lang='grc' dir='ltr'><strong><em>δ’</em></strong></span> <span class='ocrx_word' id='word_1_126' title='bbox 844 1988 997 2057; x_wconf 78' lang='grc' dir='ltr'><strong><em>ἵκετ’</em></strong></span> <span class='ocrx_word' id='word_1_127' title='bbox 1015 1990 1258 2078; x_wconf 66' lang='grc' dir='ltr'><strong><em>Ἀργος</em></strong></span> <span class='ocrx_word' id='word_1_128' title='bbox 1279 1990 1639 2077; x_wconf 81' lang='grc' dir='ltr'><strong><em>Ἀχαιικόν,</em></strong></span> <span class='ocrx_word' id='word_1_129' title='bbox 1678 1992 1826 2059; x_wconf 80' lang='grc' dir='ltr'><strong><em>ἔνθ’</em></strong></span> <span class='ocrx_word' id='word_1_130' title='bbox 1870 1996 2000 2081; x_wconf 77' lang='grc' dir='ltr'><strong><em>ἄρα</em></strong></span> <span class='ocrx_word' id='word_1_131' title='bbox 2024 1995 2156 2081; x_wconf 76' lang='grc' dir='ltr'><strong><em>ᾔδη</em></strong></span> <span class='ocrx_word' id='word_1_132' title='bbox 2191 2013 2293 2063; x_wconf 82' lang='lat'><strong><em>115</em></strong></span> 
     </span>
     <span class='ocr_line' id='line_1_19' title="bbox 280 2096 1743 2185; baseline 0.003 -25"><span class='ocrx_word' id='word_1_133' title='bbox 280 2098 570 2183; x_wconf 82' lang='grc' dir='ltr'><strong><em>ἰφθίμην</em></strong></span> <span class='ocrx_word' id='word_1_134' title='bbox 615 2098 858 2183; x_wconf 80' lang='grc' dir='ltr'><strong><em>ἄλοχον</em></strong></span> <span class='ocrx_word' id='word_1_135' title='bbox 904 2096 1253 2164; x_wconf 84' lang='grc' dir='ltr'><strong><em>Σθενέλου</em></strong></span> <span class='ocrx_word' id='word_1_136' title='bbox 1300 2099 1743 2185; x_wconf 88' lang='grc' dir='ltr'><strong><em>Περσηιάδαο.</em></strong></span> 
     </span>
    </p>

    <p class='ocr_par' dir='ltr' id='par_1_11' title="bbox 275 2198 2165 2290">
     <span class='ocr_line' id='line_1_20' title="bbox 275 2198 2165 2290; baseline 0.003 -24"><span class='ocrx_word' id='word_1_137' title='bbox 275 2201 318 2285; x_wconf 78' lang='grc' dir='ltr'><em>ἡ</em></span> <span class='ocrx_word' id='word_1_138' title='bbox 365 2198 425 2266; x_wconf 84' lang='grc' dir='ltr'><strong><em>δ’</em></strong></span> <span class='ocrx_word' id='word_1_139' title='bbox 479 2203 656 2268; x_wconf 78' lang='grc' dir='ltr'><strong><em>ἐκύει</em></strong></span> <span class='ocrx_word' id='word_1_140' title='bbox 700 2206 901 2287; x_wconf 90' lang='grc' dir='ltr'><strong><em>φίλον</em></strong></span> <span class='ocrx_word' id='word_1_141' title='bbox 945 2203 1120 2285; x_wconf 75' lang='grc' dir='ltr'><strong><em>υἱόν,</em></strong></span> <span class='ocrx_word' id='word_1_142' title='bbox 1168 2202 1205 2268; x_wconf 82' lang='grc' dir='ltr'>ὁ</span> <span class='ocrx_word' id='word_1_143' title='bbox 1253 2200 1320 2268; x_wconf 91' lang='grc' dir='ltr'><strong><em>δ’</em></strong></span> <span class='ocrx_word' id='word_1_144' title='bbox 1372 2202 1655 2288; x_wconf 80' lang='grc' dir='ltr'><strong><em>ἕβδομος</em></strong></span> <span class='ocrx_word' id='word_1_145' title='bbox 1699 2203 1953 2288; x_wconf 80' lang='grc' dir='ltr'><strong><em>ἑστήκει</em></strong></span> <span class='ocrx_word' id='word_1_146' title='bbox 1997 2208 2165 2290; x_wconf 88' lang='grc' dir='ltr'><strong><em>μείς·</em></strong></span> 
     </span>
    </p>

    <p class='ocr_par' dir='ltr' id='par_1_12' title="bbox 271 2304 2290 3350">
     <span class='ocr_line' id='line_1_21' title="bbox 278 2304 2069 2395; baseline 0.002 -23"><span class='ocrx_word' id='word_1_147' title='bbox 278 2306 349 2372; x_wconf 74' lang='grc' dir='ltr'><strong><em>ἐκ</em></strong></span> <span class='ocrx_word' id='word_1_148' title='bbox 395 2304 457 2373; x_wconf 89' lang='grc' dir='ltr'><strong><em>δ’</em></strong></span> <span class='ocrx_word' id='word_1_149' title='bbox 511 2309 714 2391; x_wconf 77' lang='grc' dir='ltr'><strong><em>ἄγαγε</em></strong></span> <span class='ocrx_word' id='word_1_150' title='bbox 758 2310 886 2392; x_wconf 89' lang='grc' dir='ltr'><strong><em>πρὸ</em></strong></span> <span class='ocrx_word' id='word_1_151' title='bbox 934 2309 1202 2392; x_wconf 83' lang='grc' dir='ltr'><strong><em>φόωσδε</em></strong></span> <span class='ocrx_word' id='word_1_152' title='bbox 1237 2305 1348 2374; x_wconf 85' lang='grc' dir='ltr'><strong><em>καὶ</em></strong></span> <span class='ocrx_word' id='word_1_153' title='bbox 1392 2308 1795 2395; x_wconf 84' lang='grc' dir='ltr'><strong><em>ἠλιτόμηνον</em></strong></span> <span class='ocrx_word' id='word_1_154' title='bbox 1817 2324 1818 2327; x_wconf 76' lang='grc'>’</span> <span class='ocrx_word' id='word_1_155' title='bbox 1840 2310 2069 2395; x_wconf 82' lang='grc' dir='ltr'><strong><em>ἐόντα,</em></strong></span> 
     </span>
     <span class='ocr_line' id='line_1_22' title="bbox 271 2407 2174 2515; baseline 0.004 -39"><span class='ocrx_word' id='word_1_156' title='bbox 271 2416 633 2497; x_wconf 82' lang='grc' dir='ltr'><strong><em>Ἀλκμήνης</em></strong></span> <span class='ocrx_word' id='word_1_157' title='bbox 669 2407 732 2479; x_wconf 88' lang='grc' dir='ltr'><strong><em>δ’</em></strong></span> <span class='ocrx_word' id='word_1_158' title='bbox 783 2411 1114 2479; x_wconf 82' lang='grc' dir='ltr'><strong><em>ἀπέπαυσε</em></strong></span> <span class='ocrx_word' id='word_1_159' title='bbox 1157 2416 1387 2497; x_wconf 88' lang='grc' dir='ltr'><strong><em>τόκον,</em></strong></span> <span class='ocrx_word' id='word_1_160' title='bbox 1434 2412 1635 2498; x_wconf 85' lang='grc' dir='ltr'><strong><em>σχέθε</em></strong></span> <span class='ocrx_word' id='word_1_161' title='bbox 1682 2409 1744 2481; x_wconf 89' lang='grc' dir='ltr'><strong><em>δ’</em></strong></span> <span class='ocrx_word' id='word_1_162' title='bbox 1781 2408 2174 2515; x_wconf 59' lang='grc' dir='ltr'><strong><em>βίλειθυίας.</em></strong></span> 
     </span>
     <span class='ocr_line' id='line_1_23' title="bbox 278 2513 2290 2607; baseline 0.005 -26"><span class='ocrx_word' id='word_1_163' title='bbox 278 2517 441 2600; x_wconf 82' lang='grc' dir='ltr'><strong><em>αὐτὴ</em></strong></span> <span class='ocrx_word' id='word_1_164' title='bbox 490 2513 552 2581; x_wconf 86' lang='grc' dir='ltr'><strong><em>δ’</em></strong></span> <span class='ocrx_word' id='word_1_165' title='bbox 604 2517 1007 2602; x_wconf 83' lang='grc' dir='ltr'><strong><em>ἀγγελέουσα</em></strong></span> <span class='ocrx_word' id='word_1_166' title='bbox 1050 2522 1188 2584; x_wconf 91' lang='grc' dir='ltr'><strong><em>Δία</em></strong></span> <span class='ocrx_word' id='word_1_167' title='bbox 1232 2522 1595 2605; x_wconf 88' lang='grc' dir='ltr'><strong><em>Κρονίωνα</em></strong></span> <span class='ocrx_word' id='word_1_168' title='bbox 1638 2523 2014 2607; x_wconf 87' lang='grc' dir='ltr'><strong><em>προσηύδα·</em></strong></span> <span class='ocrx_word' id='word_1_169' title='bbox 2185 2541 2290 2593; x_wconf 79' lang='grc'><strong><em>120</em></strong></span> 
     </span>
     <span class='ocr_line' id='line_1_24' title="bbox 275 2621 2287 2716; baseline 0.005 -30"><span class='ocrx_word' id='word_1_170' title='bbox 275 2626 454 2706; x_wconf 88' lang='grc' dir='ltr'><strong><em>,,Ζεῦ</em></strong></span> <span class='ocrx_word' id='word_1_171' title='bbox 498 2623 700 2708; x_wconf 89' lang='grc' dir='ltr'><strong><em>πάτερ</em></strong></span> <span class='ocrx_word' id='word_1_172' title='bbox 747 2621 1208 2708; x_wconf 83' lang='grc' dir='ltr'><strong><em>ἀργικέραυνε,</em></strong></span> <span class='ocrx_word' id='word_1_173' title='bbox 1260 2627 1413 2703; x_wconf 84' lang='grc' dir='ltr'><strong><em>ἔπος</em></strong></span> <span class='ocrx_word' id='word_1_174' title='bbox 1457 2628 1528 2691; x_wconf 87' lang='grc' dir='ltr'><strong><em>τί</em></strong></span> <span class='ocrx_word' id='word_1_175' title='bbox 1564 2648 1669 2691; x_wconf 90' lang='grc' dir='ltr'><strong><em>τοι</em></strong></span> <span class='ocrx_word' id='word_1_176' title='bbox 1714 2626 1788 2692; x_wconf 79' lang='grc' dir='ltr'><strong><em>ἐν</em></strong></span> <span class='ocrx_word' id='word_1_177' title='bbox 1832 2627 2031 2713; x_wconf 79' lang='grc' dir='ltr'><strong><em>φρεσὶ</em></strong></span> <span class='ocrx_word' id='word_1_178' title='bbox 2074 2633 2287 2716; x_wconf 84' lang='grc' dir='ltr'><strong><em>θήσω.</em></strong></span> 
     </span>
     <span class='ocr_line' id='line_1_25' title="bbox 275 2723 2047 2819; baseline 0.005 -27"><span class='ocrx_word' id='word_1_179' title='bbox 275 2729 422 2812; x_wconf 73' lang='grc' dir='ltr'><strong><em>ἤδη.</em></strong></span> <span class='ocrx_word' id='word_1_180' title='bbox 451 2728 619 2815; x_wconf 85' lang='grc' dir='ltr'><strong><em>ἀνὴρ</em></strong></span> <span class='ocrx_word' id='word_1_181' title='bbox 663 2723 886 2812; x_wconf 85' lang='grc' dir='ltr'><strong><em>γέγον’</em></strong></span> <span class='ocrx_word' id='word_1_182' title='bbox 938 2729 1206 2813; x_wconf 81' lang='grc' dir='ltr'><strong><em>ἐσθλός,</em></strong></span> <span class='ocrx_word' id='word_1_183' title='bbox 1245 2730 1320 2808; x_wconf 86' lang='grc' dir='ltr'><strong><em>ὃς</em></strong></span> <span class='ocrx_word' id='word_1_184' title='bbox 1358 2728 1751 2815; x_wconf 83' lang='grc' dir='ltr'><strong><em>Ἀργείοισιν</em></strong></span> <span class='ocrx_word' id='word_1_185' title='bbox 1796 2732 2047 2819; x_wconf 83' lang='grc' dir='ltr'><strong><em>ἀνάξει,</em></strong></span> 
     </span>
     <span class='ocr_line' id='line_1_26' title="bbox 275 2833 2196 2922; baseline 0.001 -24"><span class='ocrx_word' id='word_1_186' title='bbox 275 2833 676 2919; x_wconf 80' lang='grc' dir='ltr'><strong><em>Εὐρυσθεὺς</em></strong></span> <span class='ocrx_word' id='word_1_187' title='bbox 719 2833 1089 2900; x_wconf 84' lang='grc' dir='ltr'><strong><em>Σθενέλοιο</em></strong></span> <span class='ocrx_word' id='word_1_188' title='bbox 1135 2837 1291 2914; x_wconf 89' lang='grc' dir='ltr'><strong><em>πάις</em></strong></span> <span class='ocrx_word' id='word_1_189' title='bbox 1335 2838 1793 2922; x_wconf 86' lang='grc' dir='ltr'><strong><em>Περσηιάδαο,</em></strong></span> <span class='ocrx_word' id='word_1_190' title='bbox 2184 2891 2196 2899; x_wconf 89' lang='grc'><em>,</em></span> 
     </span>
     <span class='ocr_line' id='line_1_27' title="bbox 276 2936 2201 3030; baseline 0.005 -27"><span class='ocrx_word' id='word_1_191' title='bbox 276 2939 400 3003; x_wconf 87' lang='grc' dir='ltr'><strong><em>σὸν</em></strong></span> <span class='ocrx_word' id='word_1_192' title='bbox 443 2936 638 3023; x_wconf 85' lang='grc' dir='ltr'><strong><em>γένος</em></strong></span> <span class='ocrx_word' id='word_1_193' title='bbox 647 2944 670 2974; x_wconf 85' lang='grc'><strong><em>·’</em></strong></span> <span class='ocrx_word' id='word_1_194' title='bbox 710 2940 792 3006; x_wconf 79' lang='grc' dir='ltr'><strong><em>οὔ</em></strong></span> <span class='ocrx_word' id='word_1_195' title='bbox 839 2941 909 3005; x_wconf 75' lang='grc' dir='ltr'><strong><em>οἱ</em></strong></span> <span class='ocrx_word' id='word_1_196' title='bbox 947 2938 1157 3018; x_wconf 73' lang='grc' dir='ltr'><strong><em>ἀεικὲς</em></strong></span> <span class='ocrx_word' id='word_1_197' title='bbox 1201 2941 1571 3028; x_wconf 87' lang='grc' dir='ltr'><strong><em>ἀνασσέμεν</em></strong></span> <span class='ocrx_word' id='word_1_198' title='bbox 1609 2938 2068 3030; x_wconf 82' lang='grc' dir='ltr'><strong><em>Ἀργείοισιν.“</em></strong></span> <span class='ocrx_word' id='word_1_199' title='bbox 2197 3009 2201 3013; x_wconf 78' lang='grc'>,</span> 
     </span>
     <span class='ocr_line' id='line_1_28' title="bbox 278 3040 2284 3135; baseline 0.006 -27"><span class='ocrx_word' id='word_1_200' title='bbox 278 3040 368 3121; x_wconf 81' lang='grc' dir='ltr'><strong><em>ὧς</em></strong></span> <span class='ocrx_word' id='word_1_201' title='bbox 403 3044 608 3128; x_wconf 90' lang='grc' dir='ltr'><strong><em>φάτο,</em></strong></span> <span class='ocrx_word' id='word_1_202' title='bbox 646 3046 764 3110; x_wconf 86' lang='grc' dir='ltr'><strong><em>τὸν</em></strong></span> <span class='ocrx_word' id='word_1_203' title='bbox 794 3043 860 3110; x_wconf 89' lang='grc' dir='ltr'><strong><em>δ’</em></strong></span> <span class='ocrx_word' id='word_1_204' title='bbox 897 3047 1055 3131; x_wconf 78' lang='grc' dir='ltr'><strong><em>ἄχος</em></strong></span> <span class='ocrx_word' id='word_1_205' title='bbox 1081 3045 1199 3125; x_wconf 78' lang='grc' dir='ltr'><strong><em>ὀξὺ</em></strong></span> <span class='ocrx_word' id='word_1_206' title='bbox 1227 3049 1390 3112; x_wconf 80' lang='grc' dir='ltr'><strong><em>κατὰ</em></strong></span> <span class='ocrx_word' id='word_1_207' title='bbox 1418 3047 1631 3134; x_wconf 87' lang='grc' dir='ltr'><strong><em>φρένα</em></strong></span> <span class='ocrx_word' id='word_1_208' title='bbox 1658 3049 1826 3129; x_wconf 80' lang='grc' dir='ltr'><strong><em>τύψε</em></strong></span> <span class='ocrx_word' id='word_1_209' title='bbox 1853 3054 2155 3135; x_wconf 77' lang='grc' dir='ltr'><strong><em>βαθεῖαν.</em></strong></span> <span class='ocrx_word' id='word_1_210' title='bbox 2186 3070 2284 3121; x_wconf 75' lang='lat'><strong><em>12⁶</em></strong></span> 
     </span>
     <span class='ocr_line' id='line_1_29' title="bbox 277 3141 2004 3241; baseline 0.004 -26"><span class='ocrx_word' id='word_1_211' title='bbox 277 3149 511 3216; x_wconf 81' lang='grc' dir='ltr'><strong><em>αὐτίκα</em></strong></span> <span class='ocrx_word' id='word_1_212' title='bbox 556 3144 624 3215; x_wconf 87' lang='grc' dir='ltr'><strong><em>δ’</em></strong></span> <span class='ocrx_word' id='word_1_213' title='bbox 667 3141 784 3216; x_wconf 86' lang='grc' dir='ltr'><strong><em>εἷλ’</em></strong></span> <span class='ocrx_word' id='word_1_214' title='bbox 818 3150 1022 3235; x_wconf 78' lang='grc' dir='ltr'><strong><em>’Άτην</em></strong></span> <span class='ocrx_word' id='word_1_215' title='bbox 1067 3159 1357 3237; x_wconf 83' lang='grc' dir='ltr'><strong><em>κεφαλῆς</em></strong></span> <span class='ocrx_word' id='word_1_216' title='bbox 1400 3156 2004 3241; x_wconf 86' lang='grc' dir='ltr'><strong><em>λιπαροπλοκάμοιο</em></strong></span> 
     </span>
     <span class='ocr_line' id='line_1_30' title="bbox 274 3248 2104 3350; baseline 0.005 -30"><span class='ocrx_word' id='word_1_217' title='bbox 274 3258 606 3342; x_wconf 84' lang='grc' dir='ltr'><strong><em>χωόμενος</em></strong></span> <span class='ocrx_word' id='word_1_218' title='bbox 652 3254 892 3342; x_wconf 85' lang='grc' dir='ltr'><strong><em>φρεσὶν</em></strong></span> <span class='ocrx_word' id='word_1_219' title='bbox 936 3248 1079 3343; x_wconf 81' lang='grc' dir='ltr'><strong><em>ᾖσι,</em></strong></span> <span class='ocrx_word' id='word_1_220' title='bbox 1125 3256 1236 3324; x_wconf 87' lang='grc' dir='ltr'><strong><em>καὶ</em></strong></span> <span class='ocrx_word' id='word_1_221' title='bbox 1274 3260 1490 3345; x_wconf 76' lang='grc' dir='ltr'><strong><em>ὤμοσε</em></strong></span> <span class='ocrx_word' id='word_1_222' title='bbox 1533 3263 1853 3347; x_wconf 86' lang='grc' dir='ltr'><strong><em>καρτερὸν</em></strong></span> <span class='ocrx_word' id='word_1_223' title='bbox 1900 3263 2104 3350; x_wconf 82' lang='grc' dir='ltr'><strong><em>ὅρκον</em></strong></span> 
     </span>
    </p>

    <p class='ocr_par' dir='ltr' id='par_1_13' title="bbox 274 3359 2128 3555">
     <span class='ocr_line' id='line_1_31' title="bbox 274 3359 2128 3457; baseline 0.005 -31"><span class='ocrx_word' id='word_1_224' title='bbox 274 3364 364 3447; x_wconf 86' lang='grc' dir='ltr'><strong><em>μή</em></strong></span> <span class='ocrx_word' id='word_1_225' title='bbox 409 3359 553 3428; x_wconf 91' lang='grc' dir='ltr'><strong><em>ποτ’</em></strong></span> <span class='ocrx_word' id='word_1_226' title='bbox 607 3362 674 3440; x_wconf 82' lang='grc' dir='ltr'><strong><em>ἐς</em></strong></span> <span class='ocrx_word' id='word_1_227' title='bbox 721 3363 1081 3448; x_wconf 81' lang='grc' dir='ltr'><strong><em>Οὔλυμπόν</em></strong></span> <span class='ocrx_word' id='word_1_228' title='bbox 1125 3389 1196 3432; x_wconf 91' lang='grc' dir='ltr'><strong><em>τε</em></strong></span> <span class='ocrx_word' id='word_1_229' title='bbox 1238 3364 1349 3431; x_wconf 86' lang='grc' dir='ltr'><strong><em>καὶ</em></strong></span> <span class='ocrx_word' id='word_1_230' title='bbox 1395 3366 1690 3450; x_wconf 87' lang='grc' dir='ltr'><strong><em>οὐρανὸν</em></strong></span> <span class='ocrx_word' id='word_1_231' title='bbox 1736 3367 2128 3457; x_wconf 85' lang='grc' dir='ltr'><strong><em>ἀστερόεντα</em></strong></span> 
     </span>
     <span class='ocr_line' id='line_1_32' title="bbox 274 3463 1792 3555; baseline 0.004 -21"><span class='ocrx_word' id='word_1_232' title='bbox 274 3463 460 3546; x_wconf 83' lang='grc' dir='ltr'><strong><em>αὖτις</em></strong></span> <span class='ocrx_word' id='word_1_233' title='bbox 506 3468 896 3537; x_wconf 75' lang='grc' dir='ltr'><strong><em>ἐλεύσεσθαι</em></strong></span> <span class='ocrx_word' id='word_1_234' title='bbox 923 3468 1156 3555; x_wconf 78' lang='grc' dir='ltr'><strong><em>Ἄτην,</em></strong></span> <span class='ocrx_word' id='word_1_235' title='bbox 1201 3472 1242 3554; x_wconf 81' lang='grc' dir='ltr'><em>ἢ</em></span> <span class='ocrx_word' id='word_1_236' title='bbox 1290 3474 1537 3551; x_wconf 87' lang='grc' dir='ltr'><strong><em>πάντας</em></strong></span> <span class='ocrx_word' id='word_1_237' title='bbox 1583 3473 1792 3540; x_wconf 84' lang='grc' dir='ltr'><strong><em>ἀᾶται.</em></strong></span> 
     </span>
    </p>
   </div>
   <div class='ocr_carea' id='block_1_5' title="bbox 2490 176 2518 3849">
    <p class='ocr_par' dir='ltr' id='par_1_14' title="bbox 2490 176 2518 3849">
     <span class='ocr_line' id='line_1_33' title="bbox 2490 176 2518 3849; baseline 0 0"><span class='ocrx_word' id='word_1_238' title='bbox 2490 176 2518 3849; x_wconf 95' lang='lat' dir='ltr'><strong><em> </em></strong></span> 
     </span>
    </p>
   </div>
  </div>
 </body>
</html>
