2525 3884
240 177 368 242 190
1024 181 1326 233 ΙΛΙΑΔΟΣ
1362 181 1430 234 Φ.

235 329 396 386 πᾶσι
442 315 504 387 δ’
545 324 744 406 ἔθηκε
789 325 1029 405 πόνον,
1075 326 1383 388 πολλοῖσι
1427 318 1503 388 δὲ
1545 316 1725 405 κήδε’
1768 321 2042 406 ἐφῆκεν,
2323 406 2330 411 .

240 422 330 505 ὧς
369 421 662 512 Ἀχιλεὺς
714 427 1012 514 Τρώεσσι
1054 431 1269 494 πόνον
1313 426 1425 493 καὶ
1467 425 1648 511 κήδε’
1693 429 1955 512 ἔθηκεν.
2149 441 2261 493 525

312 528 583 617 ·ἕστ’ήκει
629 530 689 598 δ’
734 532 771 599 ὁ
815 528 1031 619 γέρων
1077 534 1381 619 Πρίαμος
1423 535 1624 599 θείου
1669 531 1775 599 ἐπὶ
1821 533 2119 618 πύργου,

238 638 306 715 ἐς
351 633 412 704 δ’
455 635 674 723 ἐνόησ’
734 636 997 724 Ἀχιλῆα
1039 640 1393 725 πελώριον·
1441 638 1650 726 αὐτὰρ
1695 632 1810 703 ὑπ’
1852 639 2060 704 αὐτοῦ

245 747 465 831 Τρῶες
509 746 689 833 ἄφαρ
734 742 1090 811 κλονέοπο
1135 747 1521 830 πεφυζότες,
1570 741 1735 810 οὐδέ
1772 766 1872 821 τις
1917 743 2081 828 ἀλκὴ

238 844 532 934 γίγνεθ’·
577 851 614 918 ὁ
664 849 724 916 δ’
776 849 1060 935 οἰμώξας
1103 850 1231 917 ἀπὸ
1277 851 1539 936 πύργου
1583 853 1774 933 βαῖνε
1816 853 2056 936 χαμᾶζε

238 955 540 1047 ὀτρύνων
585 958 761 1044 παρὰ
804 966 1018 1042 τεῖχος
1062 956 1489 1041 ἀγακλειτοὺς
1532 955 1958 1043 πυλαωρούς·
2147 971 2262 1024 530

238 1060 693 1147 ,,πεπταμένας
738 1062 813 1129 ἐν
856 1060 1043 1148 χερσὶ
1085 1063 1299 1140 πύλας
1341 1060 1536 1148 ἔχετ’,
1582 1064 1678 1140 είς
1722 1062 1760 1128 ὅ
1803 1085 1877 1127 κε
1923 1058 2073 1127 λαοὶ

238 1169 488 1233 ἔλθωσι
531 1166 726 1253 προτὶ
770 1169 935 1234 ἄστυ
980 1171 1361 1253 πεφυζότες·
1406 1164 1449 1252 ἦ
1496 1170 1623 1256 γὰρ
1662 1163 1995 1252 Ἀχιλλεὺς

239 1272 435 1356 ἐγγὺς
471 1273 585 1339 ὅδε
629 1272 950 1340 κλονέων·
993 1283 1125 1340 νῦν
1169 1280 1291 1340 οἴω
1336 1272 1532 1358 λοίγι’
1577 1276 1868 1340 ἔσεσθαι.

239 1379 444 1466 αὐτὰρ
491 1378 638 1445 ἐπεί
675 1376 736 1446 κ’
779 1381 845 1458 ἐς
887 1391 1101 1466 τεῖχος
1144 1381 1654 1447 ἀναπνεύσωσιν
1699 1379 1991 1463 ἀλέντες,

239 1480 425 1562 αὖτις
469 1484 914 1572 ἐπανθέμεναι
959 1487 1238 1564 σανίδας
1281 1497 1574 1564 πυκινῶς
1609 1486 1958 1573 ἀραρυίας·
2147 1503 2259 1554 535

240 1592 454 1657 δείδια
496 1592 656 1678 γάρ,
700 1592 788 1676 μὴ
835 1586 1036 1670 οὖλος
1079 1593 1248 1678 ἀνὴρ
1295 1592 1363 1671 ἐς
1405 1603 1618 1679 τεῖχος
1662 1593 1958 1677 ἅληται.“

326 1693 416 1774 ὧς
453 1695 684 1782 ἔφαθ’,
723 1698 793 1763 oc
834 1694 896 1764 δ’
937 1699 1182 1764 ἄνεσάν
1217 1723 1288 1765 τε
1323 1700 1536 1777 πύλας
1570 1697 1681 1765 καὶ
1716 1699 1988 1764 ἀπῶσαν
2024 1698 2255 1783 ὀχῆας·

238 1804 313 1869 αἰ
353 1800 426 1870 δὲ
470 1808 899 1868 πετασθεῖσαι
941 1800 1177 1881 τεῦξαν
1222 1803 1411 1888 φάος.
1502 1804 1710 1889 αὐτὰρ
1747 1799 2082 1869 Ἀπόλλων

238 1910 462 1988 ἀντίος
506 1906 802 1996 ἐξέθορε,
858 1907 1105 1995 Τρώων
1150 1908 1261 1974 ἵνα
1308 1911 1538 1994 λοιγὸν
1584 1909 1872 1976 ἀλάλκοι.

240 2016 311 2081 ol*
352 2012 414 2082 δ’
460 2017 615 2093 ἰθὺς
659 2016 889 2093 πόλιος
930 2012 1042 2080 καὶ
1084 2016 1332 2099 τείχεος
1374 2015 1691 2099 ὑψηλοῖο,
2148 2029 2257 2080 540

242 2124 403 2207 δίψῃ
448 2119 830 2207 καρχαλέοι,
875 2117 1296 2204 κεκονιμένοι
1339 2119 1412 2185 ἐκ
1454 2120 1713 2186 πεδίοιο

239 2236 519 2313 φεῦγον·
568 2227 605 2292 ὁ
652 2222 726 2291 δὲ
773 2227 1114 2317 σφεδανὸν
1158 2219 1346 2310 ἔφεπ’
1389 2226 1594 2310 ἔγχεϊ,
1639 2227 1852 2292 λύσσα
1898 2223 1978 2290 δέ
2018 2226 2089 2290 οἰ
2126 2235 2256 2311 κῆρ

241 2328 385 2398 αἰὲν
429 2335 535 2418 ἔχε
578 2336 891 2419 κρατερή,
936 2331 1239 2417 μενέαινε
1286 2327 1360 2397 δὲ
1403 2332 1607 2409 κῦδος
1651 2330 1951 2417 ἀρέσθαι.

242 2440 410 2504 ἔνθα
454 2461 569 2504 κεν
615 2438 954 2516 ὑψίπυλον
1005 2440 1253 2524 Τροίην
1299 2435 1454 2502 ἕλον
1497 2428 1638 2513 υἷες
1674 2432 1982 2521 Ἀχαιῶν,

241 2546 305 2610 εἰ
344 2544 433 2628 μὴ
490 2540 826 2608 Ἀπόλλων
877 2547 1126 2627 Φοῖβος
1162 2541 1490 2629 Ἀγήνορα
1536 2543 1687 2609 δῖον
1730 2542 2001 2627 ἀνῆκεν,
2148 2557 2255 2608 545

242 2643 404 2733 φῶτ’
463 2642 856 2734 Ἀντήνορος
899 2649 1052 2714 υίὸν
1098 2648 1406 2733 ἀμύμονά
1449 2672 1519 2714 τε
1563 2650 1885 2735 κρατερόν
1927 2671 2015 2737 τε.
2289 2630 2298 2643 ’

242 2754 316 2821 ἐν
360 2754 482 2839 μέν
530 2754 601 2820 οἱ
636 2754 877 2839 κραδίη
922 2753 1179 2840 θάρσος
1223 2756 1412 2838 βάλε,
1459 2756 1592 2841 πὰρ
1640 2752 1719 2820 δέ
1760 2754 1831 2819 οἱ
1869 2754 2066 2831 αὐτὸς

243 2863 425 2944 ἔστη,
473 2862 649 2939 ὅπως
691 2860 1016 2926 θανάτοιο
1061 2862 1330 2947 βαρείας
1372 2869 1575 2947 κῆρας
1619 2860 1919 2943 ἀλάλκοι,

243 2974 435 3055 φηγῷ
480 2966 885 3051 κεκλιμένος·
929 2966 1296 3032 κεκάλυπτο
1344 2960 1406 3033 δ’
1452 2964 1556 3052 ἄρ’
1600 2964 1749 3052 ἠέρι
1790 2970 2018 3050 πολλῆ.

244 3073 450 3160 αὐτὰρ
497 3073 535 3139 ὅ
579 3069 642 3154 γ’
687 3072 776 3148 ὡς
821 3070 1098 3154 ἐνόησεν
1150 3064 1452 3155 Ἀχιλλῆα
1498 3073 1985 3156 πτολίπορθον,
2150 3085 2254 3137 550

243 3181 428 3263 ἔστη,
472 3181 684 3245 πολλὰ
731 3176 811 3244 δέ
850 3178 921 3243 oc
958 3178 1199 3263 κραδίη
1243 3179 1548 3265 πόρφυρε
1593 3175 1891 3262 μένοντι·

245 3285 540 3370 ὀχθήσας
578 3282 638 3349 δ’
674 3285 800 3369 ἄρα
847 3279 985 3349 εἶπε
1030 3284 1196 3369 πρὸς
1241 3283 1323 3349 ὃν
1367 3285 1783 3369 μεγαλήτορα
1825 3284 2078 3366 θυμόν·

243 3390 341 3472 ,,ώ
389 3413 504 3475 μοι
549 3389 746 3472 ἐγών·
792 3390 855 3453 εί
896 3386 1017 3473 μέν
1061 3411 1178 3454 κεν
1221 3388 1352 3453 ὑπὸ
1397 3397 1719 3475 κρατεροῦ
1768 3385 2064 3472 Ἀχιλῆος

248 3497 508 3579 φεύγω,
552 3503 632 3579 τῇ
675 3515 797 3577 περ
845 3493 917 3559 οἰ
956 3495 1145 3559 ἄλλοι
1189 3494 1573 3577 ἀτυζόμενοι
1617 3492 2030 3575 κλονέονται,
