2525 3884
232 142 362 207 184
827 152 831 158 ·
1029 142 1330 196 ῙΑΙΑΔοΣ
1368 143 1434 197 Φ.

231 283 511 371 δένδρεα
564 280 728 370 κατ’,
783 285 856 351 ἐν
913 280 975 350 δ’
1028 285 1234 351 αὐτὸν
1280 285 1366 350 ἵει
1409 285 1595 369 πυρί·
1642 280 1814 368 μηδέ
1852 298 1926 347 σε
1969 281 2250 366 πάμπαν

232 394 577 477 μειλιχίοις
622 389 919 458 ἐπέεσσιν
964 387 1377 477 ἀποτρεπέτω
1421 387 1533 455 καὶ
1577 388 1793 474 ἀρειῇ·

233 494 400 581 μηδὲ
446 494 603 581 πρὶν
650 496 944 563 ἀπόπαυε
988 497 1139 562 τεὸν
1183 495 1403 580 μένος,
1449 491 1593 560 ἀλλ’
1645 490 1825 561 ὁπότ’
1878 493 1960 561 ἂν
2005 495 2089 577 δὴ
2138 509 2251 560 340

233 600 562 687 φθέγξομ’
607 603 778 687 ἐγὼν
825 605 1132 689 ἰάχουσα,
1177 605 1323 668 τότε
1369 613 1551 687 σχεῖν
1595 600 1928 685 ἀκάματον
1971 600 2173 683 πῦρ.,“

324 703 413 786 ὥς
458 707 691 793 ἔφαθ’,
723 707 1092 794 ’Ἠφαιστος
1138 704 1212 774 δὲ
1254 709 1591 774 τιτύσκετο
1636 702 1993 783 θεσπιδαὲς
2035 714 2193 790 πῦρ.

233 825 461 899 πρῶτα
506 815 629 899 μὲν
676 815 749 880 ἐν
793 815 997 902 πεδίῳ
1042 823 1175 900 πῦρ
1214 815 1466 898 δαίετο,
1509 823 1653 879 κατε
1696 808 1772 878 δὲ
1814 814 2093 899 νεκροὺς

237 922 578 1003 [πολλούς,
601 921 671 986 οἳ
685 919 770 1004 ῥα
782 914 923 985 κατ’
949 919 1152 985 αὐτὸν
1171 919 1316 997 ἅλις
1335 922 1514 1002 ἔσαν,
1536 918 1653 997 οὓς
1666 913 1846 984 κτάν’
1865 914 2245 1003 Ἀχιλλεύς.]

233 1034 365 1092 πᾶν
413 1021 476 1091 δ’
529 1025 863 1111 ἐξηράνθη
907 1027 1172 1109 πεδίον,
1217 1024 1408 1111 σχέτο
1456 1023 1516 1090 δ’
1570 1025 1819 1109 ἀγλαὸν
1862 1025 2066 1110 ὕδωρ.
2139 1040 2246 1089 345

232 1132 323 1208 ὡς
368 1127 431 1198 δ’
483 1129 577 1198 ὅτ’
633 1132 960 1218 ὀπωρινὸς
1002 1129 1255 1218 Βορέης
1298 1127 1598 1217 νεοαρδέ’
1649 1131 1872 1216 ἀλωὴν

236 1232 377 1315 αἶψ’
433 1235 767 1338 ἀγξηράνῃ
784 1258 799 1274 ·
844 1240 1057 1325 χαίρει
1106 1237 1184 1303 δέ
1223 1261 1340 1321 μιν
1385 1238 1457 1314 ὃς
1498 1260 1599 1314 τις
1643 1236 1899 1322 ἐθείρῃ·

234 1338 324 1421 ὧς
369 1341 702 1428 ἐξηράνθη
748 1346 981 1410 πεδίον
1025 1352 1180 1428 πᾶν,
1222 1344 1351 1408 κάδ
1406 1339 1465 1408 δ’
1519 1343 1647 1429 ἄρα
1689 1345 1969 1428 νεκροὺς

231 1458 418 1534 κῆεν·
463 1449 500 1516 ὁ
548 1444 609 1514 δ’
662 1449 728 1527 ἐς
771 1451 1064 1534 ποταμὸν
1108 1446 1307 1535 τρέψε
1353 1450 1569 1533 φλόγα
1611 1452 2129 1533 παμφανόωσαν.

233 1559 500 1621 καίοντο
546 1553 808 1622 πτελέαι
851 1579 923 1621 τε
966 1553 1077 1621 καὶ
1122 1554 1286 1621 ἰτέαι
1330 1551 1450 1638 ἠδὲ
1494 1565 1794 1641 μυρῖκαι,
2140 1571 2249 1621 350

233 1665 450 1726 καίετο
500 1657 574 1726 δὲ
618 1663 823 1738 λωτός
866 1683 938 1726 τε
984 1657 1084 1726 ἰδὲ
1127 1662 1349 1747 θρύον
1393 1657 1513 1744 ἠδὲ
1555 1662 1899 1747 κύπειρον,

233 1768 314 1831 τὰ
356 1764 507 1853 περὶ
549 1768 716 1832 καλὰ
759 1763 1006 1853 ῥέεθρα
1049 1767 1194 1843 ἅλις
1235 1777 1556 1850 ποταμοῖο
1600 1768 1945 1851 πεφύκειν·

235 1868 512 1959 τείροντ’
564 1871 864 1958 ἐγχέλυές
904 1895 976 1938 τε
1020 1870 1131 1937 καὶ
1177 1874 1405 1958 ἰχθύες
1452 1874 1523 1938 οί
1559 1875 1724 1938 κατὰ
1770 1873 1985 1956 δίνας,

237 1983 308 2045 οἳ
344 1982 507 2046 κατὰ
549 1982 717 2046 καλὰ
763 1976 1007 2066 ῥέεθρα
1050 1982 1383 2063 κυβίστων
1428 1981 1600 2045 ἔνθα
1642 1977 1754 2045 καὶ
1797 1981 1968 2044 ἔνθα

236 2094 433 2171 πνοιῇ
477 2089 846 2172 τειρόμενοι
889 2088 1291 2170 πολυμήτιος
1326 2082 1735 2169 Ἡφαίστοιο.
2139 2103 2250 2152 355

237 2194 457 2257 καίετο
505 2187 571 2256 δ’
621 2193 683 2269 ἲς
726 2201 1080 2276 ποταμοῖο,
1127 2195 1282 2269 ἔπος
1325 2189 1383 2256 τ’
1436 2187 1622 2276 ἔφατ’
1673 2194 1745 2257 ἔκ
1787 2186 1845 2257 τ’
1897 2191 2253 2276 ὀνόμαζεν·

238 2293 610 2382 ,ζἨφαιστ’,
659 2298 740 2362 οὔ
783 2320 884 2374 τις
929 2300 1045 2363 σοι’
1081 2322 1158 2382 γε
1191 2304 1376 2363 θεῶν
1423 2295 1650 2363 δύνατ’
1702 2297 2171 2384 ἀντιφερίζειν,

241 2399 393 2468 οὐδ’
444 2401 527 2469 ἂν
573 2403 699 2486 ἐγὼ
745 2405 860 2469 σοί
896 2398 959 2487 γ’
1011 2399 1143 2470 ὧδε
1185 2403 1349 2489 πυρὶ
1393 2402 1794 2488 φλεγέθοντι
1836 2407 2187 2490 μαχοίμην.

240 2504 384 2593 λῆγ’
437 2508 706 2595 ἔριδος,“
739 2514 967 2594 Τρῶας
1013 2506 1088 2576 δὲ
1129 2508 1240 2575 καὶ
1286 2510 1519 2576 αὐτίκα
1566 2512 1708 2588 δῖος
1746 2507 2073 2596 Ἀχιλλεὺς

239 2616 472 2692 ἄστεος
517 2613 862 2693 ἐξελάσειε·
907 2618 980 2681 τί
1016 2639 1131 2699 μοι
1176 2617 1397 2701 ἔριδος
1438 2614 1550 2682 καὶ
1593 2616 1934 2703 ἀρωγῆς;“
2146 2633 2253 2683 360

332 2718 634 2815 φῆὶπυρὶ
677 2723 1045 2806 καιόμενος,
1093 2720 1220 2786 ἀνά
1264 2718 1327 2786 δ’
1379 2725 1583 2807 ἔφλυε
1625 2724 1794 2789 καλὰ
1839 2721 2099 2808 ῥέεθρα.

242 2828 333 2904 ὡς
377 2824 451 2893 δὲ
495 2824 691 2912 λέβης
738 2830 833 2906 ζεῖ
871 2828 1090 2910 ἔνδον,
1137 2827 1555 2913 ἐπειγόμενος
1597 2827 1761 2915 πυρὶ
1802 2832 2055 2916 πολλῷ,

242 2935 479 3017 κνίσην
522 2936 923 3019 μελδόμενος
966 2933 1454 3019 ἁπαλοτρεφέος
1497 2935 1784 3019 σιάλοιο,

243 3039 580 3105 πάντοθεν
629 3039 1038 3124 ἀμβολάδην,
1085 3039 1214 3106 ὑπὸ
1262 3036 1335 3106 δὲ
1390 3038 1553 3119 ξύλα
1594 3041 1889 3124 κάγκανα
1926 3051 2161 3124 κεῖται,

246 3141 335 3222 ὧς
376 3153 497 3210 τοῦ
540 3146 709 3210 καλὰ
754 3143 1002 3230 ῥέεθρα
1045 3143 1207 3231 πυρὶ
1252 3144 1553 3230 φλέγετο,
1604 3144 1699 3225 ζέε
1745 3143 1807 3211 δ’
1858 3147 2070 3229 ὕδωρ·
2146 3163 2253 3213 365

247 3247 394 3318 οὐδ’
446 3254 637 3317 ἔθελε
680 3249 1009 3337 προρέειν,
1056 3247 1200 3316 ἀλλ’
1254 3257 1498 3336 ἴσχετο·
1541 3262 1716 3338 τεῖρε
1761 3247 1822 3317 δ’
1873 3253 2084 3336 ἀυτμὴ

238 3355 630 3444 Ἡφαίστοιο
677 3358 869 3441 βίηφι
912 3358 1356 3442 πολύφρονος.
1429 3357 1635 3445 αὐτὰρ
1681 3359 1719 3423 ὅ
1762 3354 1825 3442 γ’
1860 3357 2078 3444 Ἥρην

246 3466 458 3530 πολλὰ
503 3465 891 3547 λισσόμενος
936 3465 1090 3528 ἔπεα
1133 3465 1489 3548 πτερόεντα
1530 3465 1902 3549 προσηύδα·
