2525 3884
303 180 429 246 176
1093 184 1396 237 ΙΑΙΑΔΟΣ
1433 185 1499 236 Φ.

298 321 340 409 ἦ
386 347 489 390 τοι
532 327 651 392 τὸν
696 327 1015 413 πρώτοισι
1061 329 1220 412 μετὰ
1262 323 1618 412 πρυλέεσσι
1665 325 2031 411 δάμασσας,
2254 339 2336 389 90

299 430 614 496 ἀντίθεον
660 432 1106 519 Πολύδωρον,
1152 430 1293 498 ἐπεὶ
1336 432 1532 516 βάλες
1576 429 1710 510 ὀξέι
1756 431 1980 516 δουρί·

300 546 428 602 νῦν
474 533 548 602 δὲ
595 537 677 620 δὴ
724 535 958 604 ἐνθάδ’
1003 536 1148 623 ἐμοὶ
1191 539 1398 604 κακὸν
1443 539 1727 602 ἔσσεται·
1773 537 1856 602 οὐ
1899 539 2024 623 γαρ
2072 536 2199 603 ὀίω

299 643 421 720 σὰς
463 651 683 728 χεῖρας
727 642 1123 728 φεύξεσθαι,
1170 644 1317 709 ἐπεί
1355 640 1416 729 ῤ’
1461 640 1780 709 ἐπέλασσέ
1817 666 1893 727 γε
1943 644 2226 728 δαίμων.

301 748 460 814 ἄλλο
509 747 588 814 δέ
625 772 730 815 τοι
775 748 969 836 ἐρέω,
1007 751 1093 815 σὺ
1139 747 1200 815 δ’
1244 748 1347 816 ἐνὶ
1392 747 1589 834 φρεσὶ
1633 749 1871 832 βάλλεο
1918 756 2141 834 σῇσιν·

301 857 387 938 μή
433 877 513 940 με
556 850 784 938 κτεῖν’,
831 853 972 921 ἐπεὶ
1018 856 1138 940 οὐχ
1185 855 1619 941 ὁμογάστριος
1664 852 1975 940 Ἕκτορός
2020 855 2185 939 εἰμι,
2249 871 2326 920 95

302 961 376 1038 ὅς
416 983 520 1026 τοι
566 959 829 1047 ἑταῖρον
875 963 1160 1046 ἔπεφνεν
1204 959 1400 1045 ἐνηέα
1442 983 1514 1027 τε
1556 962 1875 1048 κρατερόν
1919 962 2051 1026 τε.“

389 1060 479 1143 ὥς
523 1067 651 1153 ἄρα
695 1091 811 1152 μιν
859 1067 1190 1150 Πριάμοιο
1234 1067 1583 1152 προσηύδα
1628 1066 1941 1152 φαίδιμος
1983 1064 2131 1144 υίὸς

301 1174 692 1256 λισσόμενος
736 1170 1066 1256 ἐπέεσσιν,
1113 1172 1488 1258 ἀμείλικτον
1535 1168 1597 1237 δ’
1640 1169 1748 1238 ὄπ’
1791 1173 2106 1237 ἄκουσεν·

303 1281 571 1362 ,,νήπιε,
617 1281 707 1364 μή
751 1302 865 1363 μοι
912 1280 1153 1344 ἄποινα
1196 1278 1567 1364 πιφαύσκεο
1614 1274 1766 1361 μηδ’
1811 1276 2111 1361 ἀγόρευε·

301 1382 462 1467 πρὶν
507 1381 628 1469 μὲν
663 1386 790 1471 γὰρ
830 1384 1221 1471 Πάτροκλον
1268 1384 1564 1450 ἐπισπεῖν
1601 1389 1869 1468 αἴσιμον
1908 1378 2113 1468 ἦμαρ,
2211 1401 2320 1450 100

301 1493 517 1577 τόφρα
561 1493 633 1556 τί
669 1514 783 1575 μοι
825 1491 1228 1576 πεφιδέσθαι
1274 1489 1375 1557 ἐνὶ
1420 1488 1617 1577 φρεσὶ
1662 1493 1975 1575 φίλτερον
2017 1484 2137 1573 ἦεν

311 1599 589 1680 Τρώων,
634 1594 744 1662 καὶ
788 1600 1076 1674 πολλοὺς
1122 1600 1328 1676 ζωοὺς
1371 1596 1526 1662 ἕλον
1570 1594 1689 1680 ἠδὲ
1717 1594 2053 1681 πέρασσα·

303 1712 432 1768 νῦν
479 1699 540 1769 δ’
585 1701 706 1767 οὐκ
750 1699 926 1785 ἔσθ’,
973 1703 1047 1780 ὅς
1087 1725 1187 1780 τις
1220 1702 1523 1768 θάνατον
1559 1702 1770 1788 φύγῃ,
1817 1702 1896 1767 ὄν
1931 1725 2004 1767 κε
2039 1703 2199 1779 θεός
2234 1725 2317 1785 γε

296 1805 499 1874 Ἰλίου
543 1808 999 1894 προπάροιθεν
1044 1807 1202 1893 ἐμῇς
1236 1807 1312 1873 ἐν
1356 1806 1540 1893 χερσὶ
1576 1809 1886 1893 βάλῃσιν,

303 1913 415 1982 καὶ
439 1915 705 1981 πάντων
740 1914 1017 1998 Τρώων,
1054 1913 1203 2000 πέρι
1233 1909 1296 1980 δ’
1329 1910 1414 1980 αὖ
1443 1915 1774 2000 Πριάμοιό
1799 1937 1875 1998 γε
1903 1915 2177 1979 παίδων.
2211 1930 2316 1981 1οό

306 2021 500 2105 ἀλλά,
546 2024 769 2107 φίλος,
816 2022 989 2087 θάνε
1031 2020 1142 2088 καὶ
1189 2022 1300 2087 σύ·
1345 2024 1417 2086 τί
1454 2017 1496 2105 ἦ
1543 2021 1906 2107 ὀλοφύρεαι
1953 2021 2187 2099 οὕτως;

304 2129 595 2194 κάτθανε
638 2126 746 2194 καὶ
794 2129 1207 2215 Πάτροκλος,
1255 2128 1293 2193 ὅ
1337 2148 1459 2213 περ
1506 2125 1619 2192 σέο
1665 2129 1915 2194 πολλὸν
1961 2126 2268 2211 ἀμείνων.

307 2235 429 2320 οὐχ
475 2234 709 2323 ὁράᾳς,
759 2225 898 2311 οἷος
939 2231 1050 2299 καὶ
1095 2232 1223 2317 ἐγὼ
1268 2235 1466 2310 καλός
1508 2255 1579 2298 τε
1623 2231 1826 2319 μέγας
1859 2256 1957 2312 τες

304 2341 551 2425 πατρὸς
596 2336 657 2406 δ’
701 2338 827 2424 εἴμ’
872 2337 1186 2422 ἀγαθοῖο,
1231 2339 1361 2404 θεὰ
1407 2335 1487 2404 δέ
1526 2362 1604 2423 με
1648 2342 1911 2423 γείνατο
1957 2342 2194 2425 μήτηρ·

307 2441 454 2511 ἀλλ’
498 2447 603 2510 ἔπι
646 2468 750 2510 τοι
793 2442 902 2510 καὶ
949 2442 1094 2529 ἐμοὶ
1136 2444 1433 2523 θάνατος
1474 2443 1586 2511 καὶ
1629 2456 1829 2532 μοῖρα
1873 2448 2165 2531 κραταιή.
2210 2464 2314 2512 110

308 2554 566 2617 ἔσσεται
607 2549 650 2635 ἣ
695 2550 829 2634 ἠὼς
871 2549 913 2634 ἢ
961 2551 1144 2634 δείλη
1190 2550 1232 2635 ἢ
1279 2550 1482 2636 μέσον
1525 2546 1736 2636 ἦμαρ,

308 2656 551 2723 ὁππότε
592 2679 693 2734 τις
735 2653 844 2722 καὶ
890 2654 1065 2739 ἐμεῖο
1092 2654 1280 2743 ’Ἄρει
1324 2657 1396 2723 ἐκ
1438 2659 1663 2742 θυμὸν
1708 2657 1960 2741 ἕληται,

307 2763 347 2848 ἢ
395 2764 432 2829 ὅ
476 2787 553 2847 γε
599 2760 790 2848 δουρὶ
838 2762 1061 2845 βαλὼν
1105 2762 1146 2847 ἢ
1193 2762 1321 2829 ἀπὸ
1367 2772 1696 2849 νευρῆφιν
1743 2765 2005 2853 ὀιστῷ.“

398 2860 488 2948 ὧς
525 2869 726 2955 φάτο,
762 2877 884 2934 τοῦ
923 2866 983 2934 δ’
1019 2868 1226 2934 αὐτοῦ
1252 2870 1413 2936 λύτο
1440 2872 1734 2955 γούνατα
1758 2869 1869 2937 καὶ
1898 2873 2097 2956 φίλον
2124 2866 2314 2957 ἦτορ·

307 2977 498 3060 ἔγχος
542 2974 664 3060 μέν
711 2972 772 3060 ῤ’
816 2972 1135 3060 ἀφέηκεν,
1182 2975 1219 3040 ὁ
1258 2970 1320 3040 δ’
1362 2975 1535 3055 ἕζετο
1581 2988 1757 3063 χεῖρε
1799 2977 2123 3055 πετάσσας
2212 2994 2309 3043 115

308 3078 700 3166 ἀμφοτέρας.
783 3077 1074 3165 Ἀχιλεὺς
1120 3077 1194 3147 δὲ
1241 3081 1685 3167 ἐρυσσάμενος
1730 3081 1922 3167 ξίφος
1964 3082 2082 3163 ὀξὺ

307 3189 474 3265 τύψε
517 3187 682 3252 κατὰ
724 3188 963 3270 κληῖδα
1006 3181 1160 3273 παρ’
1204 3185 1481 3271 αὐχένα,
1526 3197 1658 3252 πᾶν
1703 3186 1782 3252 δέ
1826 3189 1896 3253 οἱ
1935 3193 2089 3254 εἴσω

310 3294 396 3359 δῦ
441 3291 631 3378 ξίφος
675 3294 993 3377 ἄμφηκες·
1041 3293 1076 3359 ὁ
1125 3289 1185 3358 δ’
1232 3294 1360 3378 ἄρα
1404 3295 1659 3379 πρηνὴς
1702 3292 1809 3360 ἐπὶ
1843 3297 1997 3381 γαίῃ

309 3409 485 3465 κεῖτο
528 3399 788 3481 ταθείς,
835 3397 906 3463 ἐκ
951 3395 1010 3464 δ’
1056 3390 1215 3483 αἷμα
1258 3397 1466 3483 μέλαν
1512 3397 1648 3484 ῥέε,
1697 3400 1850 3466 δεῦε
1896 3397 1971 3465 δὲ
2015 3411 2226 3483 γαῖαν.

309 3507 427 3572 τὸν
466 3502 527 3570 δ’
572 3502 864 3590 Ἀχιλεὺς
897 3506 1270 3590 ποταμόνδε
1308 3505 1532 3588 λαβὼν
1567 3506 1772 3582 ποδὸς
1807 3501 1923 3587 ἧκε
1960 3506 2312 3593 φέρεσθαι,
