2525 3884
208 167 340 232 200
1016 170 1323 221 mAAoz
1357 171 1423 222 x

208 315 562 395 Πηλεΐωνα
609 309 672 379 δ’
725 314 910 379 ἵκανε
955 314 1104 396 θεά,
1148 317 1526 396 γλαυκῶπις
1564 306 1842 396 Ἀθήνη,

207 417 417 502 ἀγχοῦ
460 415 521 484 δ’
577 419 887 503 ἱσταμένη
935 422 1092 485 ἔπεα
1137 404 1492 505 πτερόεντα
1536 420 1910 504 προσηύδαέ
2121 435 2156 484 2
2172 431 2236 483 ιό

207 532 382 606 ,,νῦν
428 523 510 607 δὴ
548 525 689 589 ’νῶί
723 519 789 609 γ’
840 527 1073 607 ἔολπα,
1122 524 1372 609 διίφιλε
1417 520 1683 609 φαίδιμ’
1727 518 2045 608 Ἀχιλλεῦ,

209 635 515 695 οἴσεσθαι
559 627 724 714 μέγα
767 631 971 707 κῦδος
1010 626 1328 715 Ἀχαιοῖσι
1370 627 1565 715 προτὶ
1608 638 1800 714 νῆας,

192 731 474 820 Ἕκτορα
522 736 863 821 δῃώσαντε
908 735 1117 820 μάχης
1161 731 1321 801 ἆτόν
1367 757 1490 822 περ
1537 735 1748 802 ἐόντα.

209 841 292 906 οὕ
339 843 411 907 οἱ
445 849 576 908 νῦν
623 844 719 907 ἔτι
763 837 832 925 γ’
885 844 1021 907 ἔστι
1067 841 1497 927 πεφυγμένον
1542 843 1714 927 ἄμμε
1757 840 2097 926 γενέσθαι,

209 942 358 1012 οὐδ’
408 953 478 1013 εἴ
511 971 627 1012 κεν
673 947 846 1031 μάλα
880 947 1092 1013 πολλὰ
1127 947 1340 1012 πάθοι
1375 946 1683 1034 ἑκάεργος
1711 944 2040 1012 Ἀπόλλων
2113 961 2229 1011 220

208 1054 947 1139 προπροκυλινδόμενος
989 1057 1234 1140 πατρὸς
1277 1056 1447 1131 Διὸς
1493 1055 1835 1138 αἰγιόχοιο.

210 1158 374 1223 ἀλλὰ
419 1161 505 1224 σὺ
549 1155 671 1245 μὲν
715 1169 845 1226 νῦν
891 1166 1091 1244 στῆθι
1134 1157 1246 1225 καὶ
1290 1161 1577 1245 ἄμπνυε,
1623 1160 1818 1225 τόνδε
1855 1153 1917 1225 δ’
1957 1157 2079 1241 ἐγώ
2114 1179 2221 1223 τοι

210 1264 519 1349 οἰχομένη
565 1268 913 1351 πεπιθήσω
959 1267 1336 1350 ἐναντίβιον
1381 1264 1859 1351 μαχέσασθαι.“

298 1365 387 1448 ὥς
433 1367 585 1455 φάτ’
631 1368 985 1456 Ἀθηναίη,
1032 1372 1070 1438 ὁ
1118 1366 1181 1439 δ’
1232 1372 1565 1455 ἐπείθετο,
1610 1381 1796 1457 χαῖρε
1843 1369 1917 1436 δὲ
1953 1376 2173 1458 θυμῷ,

211 1486 331 1560 στῆ
379 1473 442 1543 δ’
493 1473 603 1564 ἄρ’
654 1476 761 1545 ἐπὶ
806 1481 1032 1564 μελίης
1074 1477 1602 1563 χαλκογλώχινος
1648 1477 1981 1563 ἐρεισθείς.
2116 1462 2222 1542 225

208 1583 250 1665 ἡ
299 1579 364 1648 δ’
416 1584 544 1668 ἄρα
588 1585 707 1650 τὸν
754 1581 875 1668 μὲν
922 1587 1155 1667 ἔλειπε,
1202 1587 1513 1669 κιχήσατο
1563 1578 1624 1649 δ’
1659 1581 1937 1669 Ἕκτορα
1983 1582 2132 1647 δῖον

209 1692 538 1777 Δηιφόβω
585 1690 797 1756 εἰκυῖα
843 1689 1043 1775 δέμας
1084 1687 1194 1755 καὶ
1238 1688 1497 1776 ἀτειρέα
1543 1691 1806 1774 φωνήν·

211 1794 419 1879 ἀγχοῦ
466 1790 528 1861 δ’
579 1794 892 1880 ἱσταμένη
941 1799 1097 1862 ἔπεα
1139 1799 1499 1880 πτερόεντα
1542 1796 1911 1881 προσηύδα·

211 1896 460 1985 ,,ἠθεῖ’,
503 1897 548 1986 ἦ
592 1903 767 1988 μάλα
814 1903 897 1987 δή
944 1918 1019 1968 σε
1063 1902 1351 1987 βιάζεται
1397 1901 1570 1979 ὠκὺς
1610 1897 1963 1986 Ἀχιλλεύς,

211 2009 377 2074 ἄστυ
420 2006 572 2095 πέρι
615 2009 948 2095 Πριάμοιο
993 2006 1192 2074 ποσὶν
1236 2005 1539 2093 ταχέεσσι
1585 2009 1872 2074 διώκων·
2116 2006 2230 2073 230

213 2111 355 2180 ἀλλ’
407 2115 526 2198 ἄγε
572 2115 654 2199 δὴ
701 2113 990 2193 στέωμεν
1035 2101 1146 2181 καὶ
1190 2114 1617 2199 ἀλεξώμεσθα
1661 2113 2030 2199 μένοντες.“

301 2220 424 2304 τὴν
471 2214 534 2285 δ’
585 2212 742 2287 αὖτε
785 2220 1133 2308 προσέειπε
1180 2208 1383 2305 μέγας
1424 2224 1871 2303 κορυθαίολος
1898 2217 2179 2305 Ἕκτωρ·

214 2321 582 2410 ,,Δηίφοβ’,
628 2323 670 2410 ἦ
708 2326 830 2411 μέν
876 2351 989 2412 μοι
1032 2329 1108 2394 τὸ
1153 2326 1363 2412 πάρος
1406 2329 1580 2392 πολὺ
1626 2330 1938 2410 φίλτατος
1980 2319 2162 2408 ἦσθα

212 2442 509 2515 γνωτῶν,
556 2430 673 2508 οὓς
707 2428 948 2517 Ἑκάβη
993 2430 1114 2517 ἡδὲ
1159 2435 1465 2518 Πρίαμος
1506 2429 1651 2498 τέκε
1694 2433 1957 2509 παῖδας·
2187 2510 2198 2511 7

213 2545 341 2603 νῦν
388 2532 449 2601 δ’
500 2537 595 2602 ἔτι
638 2535 749 2603 καὶ
784 2544 1035 2623 μᾶλλον
1079 2538 1248 2605 νοέω
1298 2534 1496 2624 φρεσὶ
1538 2532 1971 2623 τιμήσασθαι,
2117 2554 2224 2603 236

215 2642 289 2721 ὃς
332 2645 519 2726 ἔτλης
564 2642 718 2725 ἐμεῦ
763 2637 985 2726 εἵνεκ’,
1033 2640 1172 2709 ἐπεὶ
1217 2644 1354 2721 ἴδες
1400 2643 1852 2727 ὀφθαλμοῖσιν
1868 2690 1888 2726 ,

213 2753 459 2834 τείχεος
502 2746 832 2831 ἐξελθεῖν,
878 2749 1069 2814 ἄλλοι
1114 2745 1175 2814 δ’
1230 2752 1508 2815 ἔντοσθε
1553 2748 1934 2834 μένουσιν.“

302 2859 419 2921 τὸν
467 2850 528 2920 δ’
580 2849 736 2921 αὖτε
779 2853 1124 2941 προσέειπε
1166 2854 1296 2919 θεά
1310 2903 1330 2939 ,
1375 2860 1752 2938 γλαυκῶπις
1789 2850 2065 2938 Ἀθήνη·

215 2957 463 3045 ,,ἠθεῖ’,
507 2956 551 3045 ἦ
597 2958 720 3046 μὲν
763 2962 975 3028 πολλὰ
1018 2961 1229 3045 πατὴρ
1276 2959 1387 3027 καὶ
1429 2963 1666 3026 πότνια
1712 2962 1923 3046 μήτηρ

214 3062 526 3131 λίσσονθ’
579 3064 784 3149 ἑξείης
827 3066 1305 3152 γουνούμενοι,
1352 3064 1522 3155 ἀμφὶ
1568 3063 1633 3131 δ’
1689 3065 1935 3151 ἑταῖροι
1946 3113 1970 3150 ,
2121 3082 2230 3133 240

217 3167 382 3238 αὖθι
425 3171 652 3257 μένειν
663 3192 686 3207 ·‘
722 3183 908 3237 τοῖον
951 3173 1078 3257 γὰρ
1122 3171 1652 3258 ὑποτρομέουσιν
1696 3172 2006 3249 ἅπαντες·
2094 3227 2099 3235 .

215 3274 360 3343 ἀλλ’
403 3277 556 3362 ἐμὸς
601 3278 837 3343 ἔνδοθι
880 3279 1100 3361 θυμὸς
1144 3277 1426 3363 ἐτείρετο
1471 3275 1712 3344 πένθει·
1751 3282 1995 3365 λυγρώ.

214 3392 343 3450 νῦν
391 3379 456 3448 δ’
508 3384 665 3458 ἰθὺς
710 3392 1001 3486 μεμαῶτε
1045 3383 1435 3468 μαχώμεθα,
1482 3383 1655 3468 μηδέ
1691 3407 1756 3448 τι
1801 3384 2069 3470 δούρων

216 3492 381 3555 ἔστω
428 3489 745 3574 φειδωλή,
791 3489 901 3553 ἵνα
946 3488 1239 3573 εἴδομεν,
1283 3489 1327 3571 ἦ
1371 3511 1485 3553 κεν
1526 3483 1853 3573 Ἀχιλλεὺς
