2525 3884
881 778 1392 854 ΙΛΙΑΔΟΣ
1462 781 1554 856 N.

728 1041 956 1124 Μάχη
1004 1037 1125 1105 ἐπὶ
1170 1050 1340 1116 ταῖς
1384 1041 1685 1104 ναυσίν.

299 1199 468 1273 Ζεὺς
487 1194 549 1262 δ’
572 1196 715 1277 ἐπεὶ
733 1193 857 1263 οὖν
883 1199 1109 1284 Τρῶάς
1127 1222 1197 1263 τε
1224 1196 1335 1263 καὶ
1347 1196 1627 1283 Ἕκτορα
1646 1197 1847 1282 νηυσὶ
1863 1197 2210 1281 πέλασσεν,

212 1306 371 1380 τοὺς
415 1299 538 1387 μὲν
584 1306 658 1368 ἔα
703 1305 881 1389 παρὰ
925 1313 1075 1389 τῇσι
1120 1305 1331 1368 πόνον
1375 1299 1433 1368 τ’
1485 1302 1713 1388 ἐχέμεν
1756 1301 1866 1369 καὶ
1914 1303 2097 1383 ὀιζὺν

212 1408 571 1494 νωλεμέως,
620 1409 819 1486 αὐτὸς
865 1405 938 1473 δὲ
982 1410 1181 1474 πάλιν
1225 1407 1461 1494 τρέπεν
1506 1411 1662 1475 ὄσσε
1706 1410 1992 1494 φαεινώ,

215 1517 460 1600 νόσφιν
504 1511 608 1600 ἐφ’
665 1516 1046 1580 ἱπποπόλων
1093 1520 1372 1601 Θρῃκῶν
1417 1515 1888 1600 καθορώμενος
1934 1509 2089 1580 αἶαν

212 1626 475 1686 Μυσῶν
519 1619 576 1685 τ’
631 1620 1014 1705 ἀγχεμάχων
1058 1620 1167 1685 καὶ
1213 1621 1482 1705 ἀγαυῶν
1517 1617 1977 1705 Ἱππημολγῶν
2182 1636 2212 1685 5

211 1727 716 1810 γλακτοφάγων,
757 1725 996 1809 Ἀβίων
1040 1751 1130 1810 τε,
1178 1728 1611 1793 δικαιοτάτων
1658 1726 2053 1812 ἀνθρώπων.

216 1833 281 1910 ἐς
334 1835 585 1917 Τροίην
635 1827 696 1895 δ’
749 1831 833 1896 οὐ
877 1833 1146 1917 πάμπαν
1192 1835 1289 1898 ἔτι
1332 1831 1567 1918 τρέπεν
1613 1835 1769 1898 ὄσσε
1814 1835 2094 1919 φαεινώ·

218 1939 298 2004 οὐ
344 1939 470 2023 γὰρ
517 1938 554 2002 ὅ
599 1935 655 2021 γ’
708 1937 1063 2005 ἀθανάτων
1107 1936 1234 2004 τιν’
1290 1938 1550 2005 ἐέλπετο
1599 1939 1678 2005 ὃν
1722 1941 1885 2004 κατὰ
1927 1940 2153 2023 θυμὸν

217 2040 478 2109 ἐλθόντ’
531 2043 572 2128 ἢ
625 2045 963 2130 Τρώεσσιν
1007 2044 1329 2130 ἀρηξέμεν
1373 2045 1415 2129 ἢ
1461 2050 1854 2110 Δαναοῖσιν.

304 2144 450 2214 οὐδ’
502 2149 1026 2234 ἀλαὸΜκοπιὴν
1074 2144 1203 2234 εἶχε
1247 2153 1488 2234 κρείων
1534 2149 1933 2233 ἐνοσίχθων·
2151 2167 2218 2216 10

30 2337 39 2346 ξ
90 2305 99 2311 .
216 2252 326 2320 καὶ
370 2257 498 2341 γὰρ
545 2256 580 2322 ὁ
625 2256 988 2340 θαυμάζων
1032 2251 1192 2339 ἧστο
1239 2257 1564 2339 πτόλεμόν
1608 2277 1678 2319 τε
1722 2256 1937 2340 μάχην
1979 2277 2050 2320 τε

216 2361 396 2438 ὑψοῦ
441 2359 539 2426 ἐπ’
591 2361 949 2447 ἀκροτάτης
991 2370 1290 2447 κορυφῆς
1334 2361 1571 2444 Σάμου
1615 2360 1937 2445 ὑληέσσης

218 2470 559 2552 Θρηικίης·
606 2468 807 2531 ἔνθεν
850 2468 978 2552 γὰρ
1025 2467 1332 2550 ἐφαίνετο
1378 2475 1553 2532 πᾶσα
1598 2464 1719 2551 μὲν
1738 2466 1915 2551 Ἴδη,

218 2575 494 2657 φαίνετο
541 2568 614 2636 δὲ
661 2571 990 2656 Πριάμοιο
1037 2573 1226 2647 πόλις
1270 2569 1379 2637 καὶ
1424 2582 1576 2656 νῆες
1613 2570 1917 2658 Ἀχαιῶν·

220 2674 367 2743 ἔνθ’
421 2670 526 2763 ἄρ’
559 2677 595 2741 ὅ
640 2676 702 2760 γ’
739 2676 803 2756 ἐξ
850 2677 1005 2754 ἁλὸς
1040 2672 1195 2755 ἕζετ’
1229 2679 1380 2762 ἰών,
1428 2678 1676 2765 ἐλέαιρε
1725 2678 1785 2744 δ’
1822 2676 2121 2763 Ἀχαιοὺς
2153 2694 2217 2743 15

226 2781 488 2868 Τρωσὶν
535 2781 1010 2866 δαμναμένους,
1056 2781 1177 2847 Διὶ
1221 2780 1295 2848 δὲ
1339 2795 1667 2870 κρατερῶς
1712 2783 2043 2867 ἐνεμέσσα.
2274 2800 2277 2802 ’

220 2889 452 2953 αὐτίκα
499 2882 560 2951 δ’
611 2885 676 2964 ἐξ
722 2888 909 2972 ὄρεος
951 2890 1341 2971 κατεβήσετο
1386 2890 1859 2965 παιπαλόεντος

222 2996 504 3079 κραιπνὰ
546 2992 704 3060 ποσὶ
747 2994 1091 3079 προβιβάς·
1135 2992 1326 3079 τρέμε
1374 2993 1434 3059 δ’
1471 2995 1671 3080 οὔρεα
1715 2996 1930 3080 μακρὰ
1957 2994 2066 3060 καὶ
2091 2996 2217 3078 ὕλη

221 3099 461 3166 ποσσὶν
506 3096 619 3164 ὑπ’
669 3099 1065 3164 ἀθανάτοισι
1110 3100 1580 3176 Ποσειδάωνος
1628 3101 1859 3176 ἰόντος.

220 3204 360 3291 τρὶς
397 3203 519 3291 μὲν
556 3200 806 3291 ὀρέξατ’
840 3206 981 3288 ι’ῶν,
1025 3207 1100 3270 τὸ
1148 3202 1221 3270 δὲ
1264 3204 1575 3290 τέτρατον
1611 3206 1783 3270 ἵκετο
1806 3204 2104 3291 τέκμωρ,
2152 3223 2220 3271 20

230 3311 447 3394 Αἰγάς·
493 3314 664 3377 ἔνθα
710 3310 789 3376 δέ
830 3312 900 3375 os
938 3312 1142 3376 κλυτὰ
1188 3312 1455 3395 δώματα
1501 3309 1774 3394 βένθεσι
1812 3315 2045 3394 λίμνης

220 3418 465 3503 χρύσεα
511 3420 965 3503 μαρμαίροντα
1009 3417 1405 3501 τετεύχαται,
1452 3419 1705 3500 ἄφθιτα
1751 3418 1894 3480 αἰεί.

220 3520 367 3587 ἔνθ’
420 3523 643 3589 ἐλθὼν
686 3520 797 3588 ὑπ’
853 3525 1088 3607 ὄχεσφι
1131 3523 1468 3586 τιτύσκετο
1514 3517 1867 3603 χαλκόποδ’
1920 3517 2093 3577 ἵππω

323 3637 526 3677 Honm
550 3636 703 3678 Inus.
733 3637 795 3677 11.
1874 3621 1901 3665 1
2077 3634 2082 3639 ⁴
