2525 3884
227 240 361 304 260
1019 237 1321 290 ΙΛΙΑΔΟΣ
1357 235 1423 288 Ω.

228 378 393 462 αἶψα
438 379 498 448 δ’
543 383 672 467 ἄρα
719 383 1039 466 στόρεσαν
1088 379 1249 444 δοιὼ
1297 375 1462 464 λέχε’
1507 376 1951 463 ἐγκονέουσαι.

226 491 346 571 τὸν
391 484 454 554 δ’
496 485 972 572 ἐπικερτομέων
1017 483 1320 570 προσέφη
1366 485 1576 561 πόδας
1622 484 1794 561 ὠκὺς
1832 482 2188 569 Ἀχιλλεύς·

228 594 457 678 ,,ἐκτὸς
500 590 622 678 μὲν
670 594 752 677 δὴ
799 590 977 675 λέξο,
1022 590 1223 677 γέρον
1269 594 1452 675 φίλε,
1500 593 1589 675 μή
1632 614 1731 667 τις
1768 587 2047 675 Ἀχαιῶν
2134 606 2236 656 650

229 696 459 767 ἐνθάδ’
504 697 866 785 ἐπέλθῃσιν
913 698 1365 783 βουληφόρος,
1415 697 1485 761 οἳ
1521 695 1597 761 τέ
1636 718 1748 781 μοι
1795 693 1923 762 αἰεὶ

230 807 476 891 βουλὰς
520 806 920 890 βουλεύουσι
964 807 1360 889 παρήμενοι,
1405 803 1448 886 ἣ
1483 801 1678 886 θέμις
1723 803 1919 868 ἐστίν.

228 922 363 977 τῶν
410 918 477 978 εἴ
511 915 611 989 τίς
656 927 730 977 σε
777 913 986 977 ἴδοιτο
1030 911 1208 993 θοὴν
1255 910 1368 974 διὰ
1393 910 1618 975 ,νύκτα
1663 906 2009 993 μέλαιναν,
2075 996 2079 1001 “

230 1014 440 1083 αὐτίκ’
485 1017 569 1083 ἂν
615 1016 859 1095 ἐξείποι
894 1011 1332 1100 Ἀγαμέμνονι
1376 1014 1642 1099 ποιμένι
1687 1020 1893 1096 λαῶν,

229 1126 347 1189 καί
382 1147 499 1189 κεν
543 1123 903 1207 ἀνάβλησις
947 1123 1176 1199 λύσιος
1218 1131 1483 1207 νεκροῖο
1528 1118 1815 1204 γένηται.
2136 1137 2240 1188 655

231 1225 374 1294 ἀλλ’
419 1230 536 1311 ἄγε
580 1252 693 1314 μοι
735 1230 891 1295 τόδε
936 1225 1076 1294 εἰπὲ
1119 1225 1229 1293 καὶ
1276 1225 1595 1313 ἀτρεκέως
1637 1224 2020 1309 κατάλεξον,

231 1344 577 1420 ποσσῆμαρ
623 1334 913 1420 μέμονας
955 1333 1359 1418 κτερεϊζέμεν
1387 1331 1669 1420 Ἕκτορα
1715 1334 1895 1416 δῖον,

232 1442 409 1527 ὄφρα
451 1439 613 1519 τέως
657 1442 855 1518 αὐτός
889 1463 959 1506 τε
1005 1437 1181 1525 μένω
1226 1437 1338 1505 καὶ
1382 1440 1546 1506 λαὸν
1592 1439 1867 1526 ἐρύκω.“

318 1549 439 1612 τὸν
485 1544 549 1612 δ’
591 1540 877 1632 ἠμείβετ’
920 1549 1140 1612 ἔπειτα
1184 1543 1401 1630 γέρων
1448 1547 1751 1630 Πρίαμος
1792 1539 2125 1628 θὲοειδής·

231 1655 341 1737 ,,εἰ
371 1650 492 1738 μὲν
538 1655 622 1737 δή
666 1647 733 1737 μ’
776 1650 1028 1729 ἐθέλεις
1070 1649 1329 1717 τελέσαι
1373 1651 1590 1736 τάφον
1619 1649 1885 1736 Ἕκτορι
1930 1651 2084 1738 δίῳ,
2137 1667 2240 1716 660

234 1754 369 1825 ὧδέ
407 1757 486 1826 κέ
526 1782 639 1844 μοι
684 1756 917 1844 ῥέζων,
957 1755 1242 1843 Ἀχιλεῦ,
1289 1754 1725 1843 κεχαρισμένα
1767 1759 1976 1840 θείης.

237 1860 467 1947 [οἶσθα
510 1864 668 1949 γάρ,
714 1864 803 1941 ὡς
846 1865 1010 1930 κατὰ
1056 1865 1220 1929 ἄστυ
1268 1861 1576 1947 ἐέλμεθα,
1622 1864 1861 1947 τηλόθι
1907 1859 1969 1927 δ’
2010 1862 2137 1944 ὕλη

234 1969 467 2055 ἀξέμεν
514 1969 580 2050 ἐξ
626 1972 843 2055 ὄρεος,
892 1970 1065 2055 μάλα
1112 1966 1186 2035 δὲ
1237 1973 1457 2054 Τρῶες
1502 1969 1849 2050 δεδίασιν.]

234 2076 525 2164 ἐννῆμαρ
571 2074 693 2161 μέν
727 2074 788 2141 κ’
832 2076 1036 2142 αὐτὸν
1082 2073 1184 2142 ἐνὶ
1228 2075 1537 2160 μεγάροις
1579 2076 1925 2158 γοάοιμεν,

232 2191 312 2268 τῇ
358 2183 595 2268 δεκάτῃ
644 2180 723 2248 δέ
761 2205 834 2248 κε
877 2182 1248 2266 θάπτοιμεν
1296 2182 1570 2246 δαινῦτό
1614 2202 1685 2246 τε
1730 2183 1915 2263 λαός,
2137 2193 2239 2244 665

236 2290 549 2375 ἑνδεκάτῃ
596 2286 677 2354 δέ
713 2311 786 2355 κε
831 2288 1085 2372 τύμβον
1130 2284 1230 2353 ἐπ’
1276 2286 1451 2375 αὐτῷ
1505 2289 1929 2370 ποιήσαιμεν,
2162 2277 2165 2280 ’

238 2403 318 2481 τῇ
365 2392 441 2461 δὲ
487 2394 867 2480 δυωδεκάτῃ
914 2392 1377 2478 πολεμίξομεν,
1426 2398 1493 2458 εἴ
1527 2414 1649 2477 περ
1696 2390 2013 2476 ἀνάγκη.“

323 2502 443 2566 τὸν
490 2497 552 2567 δ’
599 2495 753 2565 αὖτε
797 2498 1145 2588 προσέειπε
1189 2500 1527 2584 ποδάρκης
1573 2501 1716 2575 δῖος
1752 2492 2114 2583 Ἀχιλλεύς·

236 2610 464 2690 »ἔσται
507 2629 612 2672 τοι
654 2604 765 2672 καὶ
808 2615 1044 2689 ταῦτα,
1099 2606 1300 2691 γέρον
1348 2602 1624 2691 Πρίαμ’,
1671 2606 1760 2682 ὡς
1804 2606 1890 2669 σὺ
1932 2602 2247 2677 κελεύεις·
2370 2617 2373 2620 ’

239 2715 459 2797 σχήσω
495 2713 621 2797 γὰρ
658 2715 946 2796 πόλεμον
972 2713 1220 2777 τόσσον
1246 2712 1525 2797 χρόνον,
1555 2712 1759 2777 ὅσσον
1787 2709 2111 2792 ἄνωγας.“
2144 2723 2249 2774 670

327 2813 416 2895 ὥς
459 2820 588 2904 ἄρα
633 2820 950 2903 φωνήσας
996 2815 1102 2883 ἐπὶ
1145 2825 1374 2906 καρπῷ
1420 2828 1607 2903 χεῖρα
1653 2814 1966 2903 γέροντος
2097 2860 2102 2865 -

240 2926 472 3007 ἔλλαβε
518 2921 888 3008 δεξιτερήν,
934 2926 1022 3008 μή
1068 2945 1206 3001 πως
1252 2920 1476 2989 δείσει’
1513 2919 1614 2988 ἐνὶ
1656 2922 1873 3006 θυμῷ.

240 3029 312 3095 οί
350 3028 471 3114 μὲν
517 3027 621 3115 ἄρ’
665 3029 739 3095 ἐν
782 3031 1098 3118 προδόμῳ
1147 3030 1360 3113 δόμου
1406 3029 1647 3095 αὐτόθι
1690 3031 2123 3113 κοιμήσαντο,

239 3133 444 3221 κῆρυξ
487 3131 597 3199 καὶ
642 3136 975 3218 Πρίαμος,
1019 3136 1264 3200 πυκινὰ
1309 3131 1509 3219 φρεσὶ
1552 3131 1740 3218 μήδε’
1784 3136 2071 3218 ἔχοντες,

242 3241 448 3321 αὐτὰρ
486 3236 819 3324 Ἀχιλλεὺς
864 3235 1016 3305 εὗδε
1060 3248 1246 3328 μυχῷ
1291 3242 1547 3322 κλισίης
1591 3238 1946 3323 ἐυπήκτου·
2144 3252 2247 3302 675
2346 3310 2358 3329 ‹

241 3356 331 3436 τῷ
381 3347 455 3411 δὲ
499 3343 776 3431 Βρισηὶς
819 3344 1214 3430 παρελέξατο
1258 3345 1720 3431 καλλιπάρῃος.

330 3453 520 3517 ἄλλοι
563 3448 685 3536 μέν
730 3449 816 3537 ρα
859 3452 1019 3516 θεοί
1055 3473 1127 3516 τε
1169 3448 1281 3516 καὶ
1327 3448 1555 3536 ἀνέρες
1601 3442 2074 3536 ἱπποκορυσταὶ

247 3552 450 3623 εὗδον
495 3557 878 3642 παννύχιοι,
924 3561 1190 3645 μαλακῷ
1239 3554 1640 3641 δεδμημένοι
1684 3557 1895 3644 ὕπνῳ·
