2525 3884
36 1328 51 1397 f·

32 1462 39 1637 i

30 1680 33 1781 ι

26 1930 31 2023 ³

970 204 1273 256 ΙΛΙΑΔΟΣ
1315 206 1486 258 xxn.
2107 204 2238 270 207

216 342 535 428 ,,τέκνον,
583 345 712 429 ἐγὼ
759 347 971 430 δειλή·
1016 349 1087 412 τί
1122 370 1210 413 νυ
1254 350 1545 432 βείομαι,
1592 349 1748 414 αἰνὰ
1790 356 2132 434 παθοῦσα,

217 460 338 516 σεῦ
387 451 922 537 ἆποτεθνηῶτοςς
970 453 1008 518 ὅ
1052 476 1167 537 μοι
1209 454 1454 531 νύκτας
1486 477 1558 520 τε
1600 453 1713 521 καὶ
1756 450 1931 542 ἦμαρ

214 557 483 642 εὐχωλὴ
525 560 689 624 κατὰ
734 559 900 623 ἄστυ
944 555 1288 643 πελέσκεο,
1334 563 1500 625 πᾶσί
1537 555 1595 625 τ’
1648 562 1872 644 ὄνειαρ

220 667 460 749 Τρωσί
497 687 567 730 τε
611 661 722 729 καὶ
773 668 1037 749 Τρωῇσι
1079 666 1245 731 κατὰ
1289 668 1553 750 πτόλιν,
1601 667 1673 732 οἵ
1711 684 1786 733 σε
1822 669 1991 735 θεὸν
2039 669 2127 747 ὣς

213 766 586 856 δειδέχατ’
628 765 673 854 ἦ
718 771 843 854 γαρ
888 772 1007 836 καί
1045 786 1169 855 σφι
1213 773 1387 856 μάλα
1431 771 1598 858 μέγα
1641 774 1843 851 κῦδος
1879 777 2091 879 ἔησθα
2135 790 2240 839 435
2357 760 2366 769 ⁹

211 878 389 954 ζωὸς
435 876 589 942 ἐών·
634 885 764 942 νῦν
811 871 899 942 αὖ
943 877 1237 955 θάνατος
1280 875 1391 943 καὶ
1435 890 1634 966 μοῖρα
1680 880 1993 964 κιχάνει.“

305 977 405 1060 ὧς
449 968 654 1067 ἔφατο
698 980 1021 1049 κλαίουσῖ
1068 984 1307 1069 ἄλοχος
1351 981 1414 1049 δ’
1467 985 1550 1051 οὔ
1593 986 1695 1051 πώ
1740 1009 1804 1051 τι
1847 984 2140 1053 πέπυστο

192 1085 552 1173 ”Εκτορος·
597 1089 681 1156 οὐ
724 1090 851 1174 γάρ
900 1089 971 1154 οι
1006 1112 1106 1166 τις
1151 1090 1471 1175 ἐτήτυμος
1506 1092 1782 1175 ἄγγελος
1826 1092 2046 1159 ἐλθὼν

207 1196 504 1280 ἤγγειλ’,
551 1197 691 1262 ὅττι
745 1195 830 1283 ῥά
866 1195 938 1262 οἰ
974 1197 1168 1273 πόσις
1210 1199 1441 1262 ἔκτοθι
1486 1201 1681 1282 μίμνε
1726 1199 2026 1283 πυλάων,

209 1300 368 1368 ἀλλ’
421 1303 463 1387 ἥ
507 1297 576 1387 γ’
630 1303 815 1369 ἰστὸν
857 1303 1103 1387 ὕφαινε
1148 1310 1333 1391 μυχῷ
1382 1304 1595 1388 δόμου
1637 1302 1923 1386 ὑψηλοῖο
2135 1321 2239 1372 440

212 1409 509 1474 δίπλακα
554 1406 967 1495 πορφυρέην,
1004 1408 1080 1474 έν
1118 1405 1192 1474 δὲ
1236 1411 1460 1494 θρόνα
1504 1402 1747 1474 ποικίλ’
1799 1412 2100 1477 ἔπασσεν.

210 1514 487 1581 κέκλετο
535 1511 597 1581 δ’
648 1514 1124 1599 ἀμφιπόλοισιν
1170 1513 1609 1600 έυπλοκάμοις
1651 1515 1815 1580 κατὰ
1860 1517 2046 1600 δῶμα

215 1619 397 1705 ἀμφὶ
441 1617 602 1706 πυρὶ
646 1628 878 1704 στῆσαι
921 1620 1205 1705 τρίποδα
1249 1619 1480 1705 μέγαν,
1528 1622 1706 1707 ὄφρα
1749 1620 2013 1690 πέλοιτο

197 1725 480 1814 Ἕκτορι
520 1727 740 1812 θερμὰ
784 1726 1020 1812 λοετρὰ
1064 1726 1275 1811 μάχης
1318 1727 1816 1814 ἐκνοστήσαντι,

214 1836 450 1918 νηπίη,
490 1827 640 1898 οὐδ’
691 1832 989 1914 ἐνόησεν,
1037 1832 1074 1897 ὅ
1121 1856 1236 1916 μιν
1282 1833 1455 1919 μάλα
1496 1840 1652 1919 τῆλε
1696 1840 1985 1921 λοετρῶν
2131 1851 2236 1901 445

216 1938 455 2027 χερσὶν
493 1936 830 2024 Ἀχιλλῆος
877 1937 1127 2022 δάμασε
1170 1944 1545 2023 γλαυκῶπις
1582 1938 1853 2025 Ἀθήνη.

218 2053 529 2113 κωκυτοῦ
573 2038 635 2110 δ’
677 2044 919 2127 ἤκουσε
964 2042 1074 2110 καὶ
1120 2046 1408 2131 οἰμωγῆς
1453 2046 1581 2112 ἀπὸ
1625 2046 1913 2129 πύργου·
2177 2116 2180 2123 ,

219 2162 339 2238 τῆς
384 2149 448 2219 δ’
500 2152 806 2235 ἐλελίχθη
851 2161 1043 2234 γυῖα,
1090 2149 1292 2237 χαμαὶ
1337 2151 1417 2218 δέ
1458 2153 1529 2219 οἰ
1568 2155 1796 2218 ἔκπεσε
1839 2153 2072 2238 κερκίς.

217 2261 262 2344 ἡ
312 2256 378 2326 δ’
422 2253 606 2335 αὖτις
650 2258 947 2343 δμωῇσιν
991 2255 1466 2343 ἐυπλοκάμοισι
1509 2258 1826 2344 μετηύδα·

134 2436 137 2437 ⁷
221 2367 490 2449 ,,δεῦτε,
521 2364 661 2429 δύω
690 2385 804 2447 μοι
823 2361 1140 2428 ἕπεσθον·
1168 2358 1392 2449 ἴδωμ’,
1422 2357 1589 2429 ὅτιν’
1615 2366 1774 2447 ἔργα
1791 2363 2104 2430 τέτυκται.
2133 2380 2239 2431 450

220 2473 484 2556 αἰδοίης
527 2468 764 2554 ἑκυρῆς
806 2468 967 2546 ὀπὸς
1012 2472 1282 2552 ἔκλυον,
1329 2468 1404 2535 ἐν
1451 2467 1532 2534 δέ
1571 2491 1685 2554 μοι
1730 2469 1895 2555 αὐτῇ

219 2581 503 2662 στήθεσι
544 2575 856 2652 πάλλεται
899 2570 1061 2662 ἦτορ
1107 2575 1235 2641 ἀνὰ
1281 2578 1510 2661 στόμα,
1555 2571 1761 2660 νέρθε
1808 2573 1880 2641 δὲ
1926 2587 2137 2661 γοῦνα

219 2687 576 2769 πήγνυται·
623 2681 821 2766 ἐγγὺς
866 2683 949 2767 δή
992 2706 1059 2748 τι
1101 2683 1309 2749 κακὸν
1352 2681 1688 2767 Πριάμοιο
1732 2680 2047 2748 τέκεσσιν.

220 2791 299 2854 αἳ
336 2791 464 2876 γὰρ
509 2785 618 2854 ἀπ’
673 2788 913 2866 οὔατος
955 2794 1056 2872 εἴη
1103 2789 1259 2873 ἐμεῦ
1296 2790 1478 2866 ἔπος·
1523 2787 1688 2853 ἀλλὰ
1733 2784 1882 2872 μάλ’
1935 2791 2136 2866 αἰνῶς

221 2897 451 2979 δείδω,
499 2895 588 2980 μὴ
635 2895 718 2979 δή
764 2917 878 2978 μοι
919 2896 1189 2980 θρασὺν
1215 2892 1500 2979 Ἕκτορα
1546 2893 1690 2968 δῖος
1718 2888 2048 2977 Ἀχιλλεὺς
2131 2911 2236 2961 455

220 3010 477 3086 μοῦνον
521 2999 893 3086 ἀποτμήξας
927 3002 1157 3077 πόλιος
1199 3000 1511 3065 πεδίονδε
1557 3000 1805 3081 δίηται,

218 3105 331 3173 καὶ
375 3108 459 3191 δή
505 3131 620 3192 μιν
664 3106 1047 3190 καταπαύσῃ
1094 3105 1454 3191 ἀγηνορίης
1498 3103 1864 3188 ἀλεγεινῆς,

219 3213 263 3295 ἥ
308 3237 425 3298 μιν
462 3206 695 3297 ἔχεσκ’,
742 3208 883 3278 ἐπεὶ
926 3211 1010 3277 οὔ
1052 3206 1205 3277 ποτ’
1256 3208 1358 3276 ἐνὶ
1402 3215 1664 3294 πληθυῖ
1702 3209 1900 3294 μένεν
1945 3213 2234 3298 ἀνδρῶν,

82 3312 89 3319 ’
222 3318 387 3385 ἀλλὰ
429 3322 602 3386 πολὺ
647 3315 1040 3403 προθέεσκε,
1084 3319 1162 3383 τὸ
1208 3316 1290 3383 ὃν
1336 3314 1534 3402 μένος
1579 3313 1808 3381 οὐδενὶ
1854 3320 2114 3384 εἴκων.“

308 3419 397 3502 ὧς
441 3422 703 3509 φαμένη
747 3423 1059 3509 μεγάροιο
1106 3421 1414 3489 διέσσυτο
1459 3422 1732 3507 μαινάδι
1777 3427 1917 3504 ἴση,
2129 3439 2234 3488 460

218 3529 597 3616 παλλομένη
641 3530 955 3613 κραδίην·
1001 3529 1136 3614 ἅμα
1182 3524 1251 3594 δ’
1303 3527 1670 3614 ἀμφίπολοι
1713 3528 1862 3616 κίον
1909 3523 2093 3608 αὐτῇ.

26 3802 437 3845 Ι-ωι--ῌἬψμ
