2525 3884
953 220 1255 273 mAAoz
1292 221 1492 274 xxm.
2097 217 2228 282 233

212 365 438 449 αἵματι
483 365 944 449 φοινικόεσσαι
989 360 1395 448 ἀνέδραμον·
1443 363 1514 428 οἰ
1554 359 1628 430 δὲ
1672 362 1821 448 μάλ’
1872 360 2000 429 αἰεὶ

211 472 402 553 νίκης
447 468 684 552 ἱέσθην
729 470 1040 554 τρίποδος
1081 467 1233 554 πέρι
1277 479 1596 552 ποιητοῖο.

214 571 359 640 οὔτ’
405 570 712 652 Ὀδυσεὺς
758 575 1002 640 δύνατο
1048 580 1296 660 σφῆλαι
1344 575 1530 641 οὔδει
1574 598 1645 641 τε
1688 576 2037 658 πελάσσαι,

215 675 358 746 οὔτ’
410 686 580 758 Αἴας
626 681 892 764 δύνατο,
936 682 1217 766 κρατερὴ
1266 677 1329 746 δ’
1382 683 1529 765 ἔχεν
1573 682 1635 759 ἲς
1675 676 2002 766 Ὀδυσῆος.
2130 697 2233 746 720

216 781 361 852 ἀλλ’
414 787 520 853 ὅτε
566 788 650 871 δή
697 783 764 872 ῤ’
816 786 1083 867 ἀνίαζον
1131 787 1521 872 ἐυκνήμιδες
1563 782 1836 872 Ἀχαιοί,

216 893 301 976 δὴ
346 894 494 958 τότε
539 918 655 978 μιν
698 891 1044 977 προσέειπε
1088 892 1290 978 μέγας
1342 894 1761 977 Τελαμώνιος
1804 899 2000 970 Αἶας·

215 995 559 1082 »διογενὲς
600 998 1009 1082 Λαερτιάδη,
1055 994 1465 1085 πολυμήχαν’
1513 995 1861 1082 Ὀδυσσεῦ,

214 1107 259 1188 ῆ
305 1100 378 1179 μ’
431 1100 681 1190 ἀνάειρ’
723 1104 765 1189 ἢ
811 1104 939 1188 ἐγὼ
985 1103 1084 1170 σε’·
1128 1106 1210 1170 τὰ
1248 1100 1309 1170 δ’
1354 1100 1441 1170 αὖ
1479 1104 1600 1170 Διὶ
1643 1107 1858 1171 πάντα
1904 1103 2236 1189 μελήσει.“

311 1204 399 1288 ὥς
427 1210 627 1276 εἰπὼν
667 1209 958 1294 ἀνάειρε·
1006 1211 1209 1275 δόλου
1239 1207 1307 1275 δ’
1343 1210 1426 1276 οὐ
1454 1206 1680 1293 λήθετ’
1710 1207 2087 1285 Ὀδυσσεύς·
2135 1224 2237 1275 725

217 1312 373 1395 κόψ’
426 1318 666 1383 ὄπιθεν
710 1316 982 1399 κώληπα
1025 1317 1276 1400 τυχών,
1322 1315 1609 1381 ὑπέλυσε
1656 1314 1729 1382 δὲ
1774 1327 1958 1400 γυῖα·

219 1424 349 1489 κὰδ
396 1418 458 1488 δ’
510 1421 683 1488 ἔπεσ’
737 1420 1041 1500 ἐξοπίσω·
1090 1419 1195 1487 ἐπὶ
1241 1418 1316 1487 δὲ
1362 1424 1723 1506 στήθεσσιν
1764 1417 2114 1490 Ὀδυσσεὺς

218 1529 534 1602 κάππεσε·
562 1526 732 1594 λαοὶ
779 1523 842 1592 δ’
895 1522 982 1593 αὖ
1024 1529 1319 1611 θηεῦντό
1362 1549 1433 1593 τε
1477 1527 1836 1612 θάμβησάν
1879 1549 1968 1592 τε.

224 1635 533 1720 δεύτερος
577 1629 721 1700 αὖτ’
774 1633 1036 1719 ἀνάειρε
1080 1635 1410 1711 πολύτλας
1456 1634 1599 1712 δῖος
1639 1628 2019 1715 Ὀδυσσεύς,

223 1743 496 1824 κίνησεν
535 1735 596 1805 δ’
639 1742 768 1826 ἄρα
804 1742 1056 1805 τυτθὸν
1093 1740 1220 1806 ἀπὸ
1257 1743 1528 1825 χθονός,
1567 1738 1732 1806 οὐδέ
1752 1737 1809 1805 τ’
1853 1741 2096 1824 ἄειρεν,
2136 1753 2237 1803 730

225 1846 301 1912 έν
348 1842 421 1911 δὲ
465 1848 633 1928 γόνυ
676 1846 1009 1930 γνάμψεν·
1056 1844 1161 1911 ἐπὶ
1208 1843 1282 1911 δὲ
1327 1844 1528 1931 χθονὶ
1572 1847 1910 1912 κάππεσον
1954 1846 2152 1928 ἄμφω

223 1953 493 2035 πλησίοι
539 1950 877 2034 ἀλλήλοισι
896 2000 916 2034 ,
974 1952 1355 2037 μιάνθησαν
1404 1949 1478 2018 δὲ
1520 1955 1732 2037 κονίῃ.

223 2060 343 2123 καί
380 2058 469 2122 νύ
512 2080 586 2122 κε
629 2059 704 2122 τὸ
742 2060 966 2142 τρίτον
1011 2052 1195 2134 αὖτις
1240 2056 1593 2135 ἀναΐξαντε
1635 2058 1953 2139 πάλαιον,

227 2166 291 2229 εί
332 2164 420 2247 μὴ
462 2158 792 2247 Ἀχιλλεὺς
836 2165 1032 2241 αὐτὸς
1077 2164 1387 2230 ἀνίστατο
1431 2161 1543 2229 καὶ
1587 2163 1967 2249 κατέρυκεν·

226 2264 498 2354 »μηκέτ’
552 2268 939 2353 ἐρείδεσθον
984 2266 1151 2354 μηδὲ
1195 2272 1507 2354 τρίβεσθε
1553 2280 1879 2335 κακοῖσιν·
2144 2281 2246 2332 735

227 2379 380 2458 νίκη
429 2371 490 2439 δ’
545 2373 1042 2460 ἀμφοτέροισιν·
1090 2374 1331 2441 ἀέθλια
1378 2371 1439 2440 δ’
1493 2369 1579 2440 ἶσ’
1632 2375 1974 2452 ἀνελόντες

230 2477 529 2566 ἔρχεσθ’,
576 2483 752 2565 ὄφρα
796 2480 909 2546 καὶ
954 2483 1144 2547 ἄλλοι
1189 2482 1605 2547 ἀεθλεύωσιν
1645 2477 1955 2567 Ἀχαιοί.“

321 2583 409 2664 ὧς
437 2584 667 2673 ἔφαθ’,
698 2587 768 2652 οἱ
795 2583 856 2653 δ’
894 2588 1022 2673 ἄρα
1048 2597 1170 2652 τοῦ
1196 2589 1371 2672 μάλα
1407 2583 1529 2672 μὲν
1560 2589 1767 2654 κλύον
1793 2585 1913 2672 ἠδὲ
1940 2591 2247 2668 πίθοντο,

124 2728 167 2768 ·,
229 2697 348 2770 καί
388 2690 450 2779 ῤ’
504 2691 1018 2778 ἀπομορξαμένω
1063 2697 1301 2776 κονίην
1350 2694 1638 2759 δύσαντο
1682 2704 1980 2779 χιτῶνας.

175 2872 181 2878 ,
322 2800 657 2882 Πηλεΐδης
702 2796 763 2863 δ’
816 2794 956 2878 αἶψ’
1010 2799 1176 2865 ἄλλα
1220 2803 1399 2866 τίθει
1442 2808 1799 2883 ταχυτῆτος
1844 2802 2085 2881 ἄεθλα,
2145 2813 2249 2864 740

113 2908 187 2972 Γ·
234 2907 567 2991 ἀργύρεον
610 2913 904 2991 κρητῆρα
948 2904 1374 2990 τετυγμένον·
1422 2904 1489 2984 ἓξ
1537 2901 1596 2970 δ’
1649 2908 1774 2990 ἄρα
1820 2905 2021 2990 μέτρα

199 3014 594 3098 .χάνδανεν,
644 3011 851 3097 αὐτὰρ
897 3012 1121 3077 κάλλει
1165 3011 1350 3077 ἐνίκα
1394 3020 1614 3077 πᾶσαν
1661 3006 1760 3077 ἐπ’
1814 3006 1969 3076 αἶαν

220 3118 518 3201 πολλόν,
565 3115 705 3183 ἐπεὶ
750 3105 1033 3194 Σιδόνες
1076 3117 1558 3182 πολυδαίδαλοι
1603 3111 1679 3182 εὖ
1722 3119 2047 3201 ἤσκησαν,

241 3227 548 3301 Φοίνικες
593 3221 654 3289 δ’
708 3224 874 3308 ἄγον
920 3224 1159 3307 ἄνδρες
1205 3219 1304 3287 ἐπ’
1356 3221 1698 3306 ἠεροειδέα
1742 3225 2018 3303 πόντον,

235 3340 487 3414 στῆσαν
534 3326 596 3396 δ’
641 3329 713 3395 έν
749 3328 1110 3414 λιμένεσσι,
1152 3331 1399 3393 Θόαντι
1437 3326 1512 3395 δὲ
1552 3330 1773 3413 δῶρον
1810 3328 2090 3393 ἔδωκαν·
2151 3340 2252 3391 745

236 3428 385 3514 υἷος
430 3433 504 3502 δὲ
551 3436 885 3523 Πριάμοιο
931 3436 1280 3511 Λυκάονος
1326 3430 1506 3500 ὦνον
1553 3435 1799 3499 ἔδωκεν

61 3536 70 3556 ’
116 3576 125 3590 ·
241 3544 603 3629 Πατρόκλῳ
650 3542 819 3627 ἥρωι
857 3535 1222 3624 Ἰησονίδης
1259 3538 1552 3621 Ἐύνηος.
