2525 3884
1037 189 1340 242 ΙΛΙΑΔοΣ
1376 192 1519 244 va
2163 192 2250 258 93

224 338 336 420 τῷ
380 356 494 417 μιν
540 331 916 417 ἐεισάμενος
959 330 1262 418 προσέφη
1309 334 1478 411 Διὸς
1520 333 1669 411 υίὸς
1706 330 2072 401 Ἀπόλλων·
2145 352 2250 402 ’120

222 436 540 524 ,ζἙκτορ,
581 442 764 503 τίπτε
807 438 1016 523 μάχης
1058 437 1455 518 ἀποπαύεαι;
1504 438 1672 506 οὐδέ
1706 442 1780 504 τί
1816 456 1892 506 σε
1934 444 2077 526 χρή.

225 540 411 637 αὔθ’,
457 545 620 610 ὅσον
661 545 889 628 ἥσσων
935 546 1094 628 εἰμί,
1139 547 1344 610 τόσον
1388 542 1503 610 σέο
1550 544 1867 631 φέρτερος
1909 553 2078 630 εἴην·

223 651 331 738 τῷ
376 674 450 715 κε
493 651 657 736 τάχα
702 659 1032 734 στυγερῶς
1073 649 1369 735 πολέμου
1412 650 1875 737 ἀπερωήσειας.

224 753 383 822 ἀλλ’
427 757 546 840 ἄγε
590 757 953 843 Πατρόκλῳ
1000 757 1200 851 ἔφεπε
1241 759 1744 844 κρατερώνυχας
1788 758 2058 841 ἵππους,

226 868 318 929 αἴ
346 861 463 928 κέν
500 863 638 939 πώς
671 885 786 947 μιν
822 861 1005 947 ἕλῃς,
1052 862 1191 947 δώῃ
1231 860 1312 928 δέ
1348 885 1454 928 τοι
1487 858 1682 947 εὖχος
1719 859 2118 929 Ἀπόλλων.“
2147 881 2248 931 ’125

328 964 421 1046 ὧς
463 969 664 1034 εἰπὼν
699 967 737 1034 ὁ
775 964 898 1052 μὲν
943 962 1131 1044 αὖτις
1173 969 1293 1051 ἔβη
1347 969 1508 1046 θεὸς
1553 968 1643 1053 ἂμ
1685 971 1899 1036 πόνον
1944 970 2247 1057 ἀνδρῶν,

220 1076 575 1160 Κεβριόνῃ
622 1068 684 1139 δ’
725 1072 1023 1140 ἐκέλευσε
1068 1075 1387 1158 δαΐφρονι
1432 1075 1749 1159 φαίδιμος
1776 1073 2028 1162 Ἕκτωρ

222 1181 482 1257 ἵππους
525 1180 593 1256 ἐς
634 1181 924 1263 πόλεμον
965 1178 1397 1264 πεπληγέμεν.
1488 1180 1695 1265 αὐτὰρ
1735 1177 2071 1247 Ἀπόλλων

223 1283 477 1352 δύσεθ’
529 1286 765 1371 ὅμιλον
809 1287 962 1369 ἰών,
1009 1285 1083 1351 έν
1128 1281 1202 1350 δὲ
1251 1288 1499 1351 κλόνον
1536 1282 1932 1371 Ἀργείοισιν

29 1401 36 1474 ξι
223 1387 356 1476 ἧκε
401 1394 632 1476 κακόν,
685 1389 945 1477 Τρωσὶν
991 1387 1067 1458 δὲ
1101 1389 1211 1456 καὶ
1242 1388 1510 1478 Ἕκτορι
1554 1392 1758 1468 κῦδος
1801 1393 2056 1472 ὄπαζεν.
2145 1410 2248 1460 ’130

29 1492 36 1499 ”
213 1496 479 1585 Ι’Ίῧιτωρ
526 1496 587 1563 δ’
628 1500 870 1575 ἄλλους
913 1495 1037 1584 μὲν
1081 1500 1398 1576 Δαναοὺς
1441 1500 1517 1563 ἔα
1563 1495 1711 1564 οὐδ’
1755 1498 2079 1586 ἐνάριζεν,

229 1605 451 1691 αὐτὰρ
495 1605 533 1671 ὁ
579 1607 941 1692 Πατρόκλω
988 1606 1189 1688 ἔφεπε
1232 1605 1733 1690 κρατερώνυχας
1776 1605 2034 1682 ἵππους.

230 1711 627 1796 Πάτροκλος
671 1708 732 1775 δ’
777 1708 1105 1796 ἑτέρωθεν
1148 1706 1266 1796 ἀφ’
1310 1711 1530 1777 ιππων
1575 1705 1733 1776 ἆλτο
1781 1715 2022 1796 χαμᾶζε

232 1825 437 1899 σκαιῆ
481 1819 670 1902 ἔγχος
713 1818 909 1901 ἔχων·
955 1814 1225 1901 ἑτέρηφι
1273 1815 1347 1882 δὲ
1392 1817 1616 1896 λάζετο
1661 1815 2014 1907 πέτρονΜαί
2029 1852 2044 1879 s
2155 1852 2168 1875 s

231 1923 373 2008 μαρ
423 1945 589 2009 αρον
634 1917 995 2007 ὀκριόενθᾎ
1042 1922 1122 1987 ὄν
1169 1922 1240 1986 οί
1277 1920 1429 2008 περὶ
1471 1921 1612 2008 χεὶρ
1661 1922 2017 2001 ἐκαλυψεν·
2077 1873 2380 1987 ’τεόιωὼ

232 2024 360 2113 ἧκε
405 2022 466 2092 δ’
509 2027 954 2111 ἐρεισάμενος,
1001 2024 1160 2092 οὐδὲ
1207 2028 1334 2113 δὴν
1374 2028 1600 2112 χάζετο
1648 2030 1899 2112 φωτός,

235 2131 391 2201 οὐδ’
434 2133 672 2199 ἁλίωσε
717 2132 936 2218 βέλος,
982 2133 1141 2217 βάλε
1187 2130 1248 2197 δ’
1278 2131 1594 2220 Ἕκτορος
1634 2134 1914 2218 ἡνιοχῆα

235 2241 655 2326 Κεβριόνην,
699 2242 916 2305 νόθον
957 2241 1111 2304 υἱὸν
1155 2238 1482 2322 ἀγακλῆος
1525 2239 1890 2325 Πριάμοιο,

34 2340 43 2431 ἢ
236 2346 463 2412 ἵππων
505 2342 644 2430 ἡνί’
696 2346 959 2429 ἔχοντα,
1006 2344 1335 2428 μετώπιον
1380 2341 1515 2423 ὀξέι
1560 2349 1687 2410 λᾶι.

34 2464 35 2469 ’
238 2449 618 2537 ἀμφοτέρας
661 2445 723 2514 δ’
766 2449 978 2534 ὀφρῦς
1021 2450 1300 2515 σύνελεν
1344 2452 1567 2534 λίθος,
1612 2450 1779 2517 οὐδέ
1819 2451 1892 2517 οἰ
1930 2455 2119 2539 ἔσχεν
2143 2469 2249 2520 ’140

240 2557 508 2642 ὀστέον,
553 2553 893 2641 ὀφθαλμοὶ
939 2554 1014 2621 δὲ
1057 2553 1258 2641 χαμαὶ
1301 2554 1507 2621 πέσον
1553 2556 1626 2622 έν
1671 2561 1979 2643 κονίῃσιν

241 2664 454 2731 αὐτοῦ
496 2665 755 2749 πρόσθε
797 2663 1051 2727 ποδῶν·
1098 2661 1135 2727 ὁ
1183 2659 1244 2726 δ’
1289 2659 1398 2747 ἄρ’
1442 2661 1796 2748 ἀρνευτῆρι
1842 2663 2071 2742 ἐοικὼς

240 2767 517 2836 xoium&
559 2765 668 2834 ἀπ’
712 2768 1014 2854 εὐεργέος
1057 2769 1338 2854 δίφρου,
1383 2772 1532 2834 λίπε
1578 2765 1641 2833 δ’
1685 2767 1879 2835 ὀστέα
1923 2773 2157 2854 θυμός.

239 2877 364 2940 τὸν
409 2872 470 2940 δ’
513 2873 987 2960 ἐπικερτομέων
1029 2872 1398 2961 προσέφης,
1446 2876 1853 2959 Πατρόκλεις
1899 2876 2120 2941 ἱππεῦ·

244 2981 346 3066 ,,ὢ
381 2983 610 3065 πόποι,
654 2977 696 3066 ἦ
734 2978 881 3066 μάλ’
928 2980 1214 3065 ἐλαφρὸς
1258 2979 1458 3065 ἀνήρ,
1505 2980 1594 3057 ὡς
1630 2980 1776 3065 ῥεῖα
1810 2983 2106 3069 κυβιστᾷ.
2145 2999 2247 3049 ’146

221 3070 309 3154 ἐί
352 3088 434 3171 δή
475 3109 607 3154 που
649 3085 759 3152 καὶ
802 3088 1023 3174 πόντω
1070 3086 1143 3151 ἐν
1191 3087 1531 3170 ἰχθυόεντι
1574 3085 1866 3169 γένοιτο,

244 3195 530 3270 πολλοὺς
573 3191 657 3257 ἂν
700 3190 1033 3278 κορέσειεν
1074 3190 1244 3277 ἀνὴρ
1292 3191 1407 3256 ὅδε
1389 3193 1660 3307 τήθεα
1706 3192 1957 3277 διφῶν,

246 3300 407 3383 νηὸς
449 3299 931 3385 ἀποθρώσκων,
979 3299 1042 3363 εί
1079 3295 1190 3362 καὶ
1236 3271 1697 3382 δυσπέμφελος
1740 3268 2096 3382 εἴηΐψρ
2037 3264 2130 3311 “stt

250 3405 338 3482 ὡς
379 3413 508 3471 νῦν
551 3404 627 3470 ἐν
669 3405 874 3492 πεδίω
921 3402 1065 3482 ἐξ“
1035 3425 1250 3469 ιππων
1296 3402 1442 3487 ῥεῖα
1484 3407 1785 3489 κυβιστᾷ.

250 3505 291 3594 ἦ
336 3508 420 3609 ῥα
462 3508 573 3576 καὶ
618 3509 690 3575 ἐν
741 3508 1035 3593 Τρώεσσι
1079 3511 1548 3592 κυβιστητῆρες
1591 3507 1842 3570 ἔασιν.“
2144 3518 2247 3566 ‘150
