2525 3884
286 214 375 281 54
1088 214 1391 266 ΙΔΙΑΔΟΣ
1430 215 1494 266 Ο.

289 359 536 443 δεσμὸν
583 356 956 444 ἀπορρήξας
998 359 1153 441 θείῃ
1199 356 1457 421 πεδίοιο
1504 357 1866 442 κροαίνων,

289 465 545 540 εἰωθὼς
580 465 903 530 λούεσθαι
948 462 1245 551 έυρρεῑος
1288 472 1640 547 ποταμοῖο,
2201 476 2316 526 265

286 570 623 635 κυδιόων·
656 570 837 648 ὑψοῦ
882 566 956 636 δὲ
1000 569 1167 655 κάρη
1214 571 1377 653 ἔχει,
1415 565 1585 653 ἀμφὶ
1631 564 1705 632 δὲ
1749 577 1966 652 χαῖται

291 676 498 760 ὤμοις
544 675 912 742 ἀίσσονταί·
961 675 997 741 ὁ
1044 669 1108 740 δ’
1161 674 1482 759 ἀγλαΐηφι
1527 674 1894 756 πεποιθώς,

289 780 504 865 ῥίμφα
550 779 583 846 ἑ
624 790 839 864 γοῦνα
884 777 1072 866 φέρει
1119 780 1280 864 μετά
1322 778 1379 844 τ’
1425 781 1599 863 ἤθεα
1642 776 1753 845 καὶ
1797 778 2010 863 νομὸν
2054 778 2311 844 ἵππων·
2379 789 2388 797 “
2499 826 2502 857 w

293 882 383 964 ὧς
412 884 664 971 Ἕκτωρ
709 888 1002 972 λαιψηρά
1046 887 1258 962 πόδας
1302 883 1414 950 καὶ
1449 879 1721 968 γούνατ’
1764 882 1985 969 ἐνώμα

290 991 591 1078 ὀτρύνων
640 992 912 1075 ἱππῆας,
959 989 1097 1057 ἐπεὶ
1141 997 1312 1056 θεοῦ
1356 993 1588 1056 ἔκλυεν
1634 990 1864 1074 αὐδήν.
2200 1008 2309 1057 270

291 1098 362 1163 οἰ
402 1092 490 1181 δ’,
538 1099 626 1175 ὥς
667 1092 725 1162 τ’
766 1096 809 1181 ἢ
855 1101 1108 1183 ἔλαφον
1152 1099 1395 1184 κεραὸν
1439 1097 1481 1182 ἢ
1527 1098 1764 1181 ἄγριον
1810 1091 1964 1180 αἶγα

291 1201 648 1269 ἐσσεύαντο
694 1205 890 1282 κύνες
932 1227 1002 1269 τε
1048 1202 1157 1269 καὶ
1203 1202 1433 1288 ἀνέρες
1477 1203 1860 1288 ἀγροιῶται·

294 1311 412 1374 τὸν
459 1309 580 1394 μέν
624 1308 680 1374 τ’
733 1310 1042 1394 ἠλίβατος
1085 1309 1289 1396 πέτρη
1334 1306 1446 1374 καὶ
1493 1309 1760 1385 δάσκιος
1802 1308 1929 1392 ὕλη

291 1411 608 1499 εἰρύσατ’,
657 1413 803 1482 οὐδ’
858 1417 985 1503 ἄρα
1028 1413 1105 1480 τέ
1145 1432 1266 1499 σφι
1311 1416 1655 1499 κιχήμεναι
1701 1420 1970 1498 αἴσιμον
2014 1409 2161 1497 ἦεν·

289 1532 424 1586 τῶν
470 1520 549 1587 δέ
586 1519 658 1586 θ’
711 1522 840 1586 ὑπὸ
889 1524 1072 1606 ἰαχῆς
1108 1521 1331 1606 -έφάνη
1379 1519 1482 1598 λὶς
1523 1520 1866 1605 ἠυγένειος
2199 1539 2305 1588 275

294 1628 389 1704 εἰς
434 1627 626 1710 ὁδόν,
675 1621 838 1705 αἶψα
885 1622 958 1692 δὲ
1002 1626 1250 1703 πάντας
1297 1626 1624 1710 ἀπέτραπε
1667 1624 1777 1693 καὶ
1823 1637 2186 1712 μεμαῶτας·

293 1728 382 1809 ὧς
427 1729 688 1796 Δαναοὶ
735 1731 884 1808 εἵως
930 1728 1052 1816 μὲν
1097 1731 1420 1816 ὁμιλαδὸν
1467 1728 1612 1796 αἰὲν
1658 1731 1896 1799 ἕποντο

291 1839 652 1914 νύσσοντες
698 1836 957 1921 ξίφεσίν
1000 1859 1072 1902 τε
1108 1836 1218 1902 καὶ
1265 1839 1525 1921 ἔγχεσιν
1570 1836 2037 1922 ἀμφιγύοισιν,

294 1945 501 2031 αὐτὰρ
548 1941 686 2010 ἐπεὶ
731 1944 882 2008 ἴδον
911 1939 1171 2029 *Ἕκτορ’
1217 1942 1648 2027 ἐποιχόμενον
1695 1947 1917 2028 στίχας
1963 1944 2260 2030 ἀνδρῶν,

295 2051 665 2135 τάρβησαν,
711 2059 914 2116 πᾶσιν
960 2045 1033 2115 δὲ
1078 2046 1285 2135 παραὶ
1329 2048 1487 2114 ποσὶ
1532 2050 1818 2115 κάππεσε
1864 2053 2100 2135 θυμός.
2201 2068 2306 2118 280

379 2168 553 2222 τοῖσι
600 2154 662 2221 δ’
717 2152 913 2221 ἔπειτ’
967 2156 1245 2242 ἀγόρευε
1292 2158 1468 2232 Θόας
1506 2149 1984 2240 Ἀνδραίμονος
2026 2157 2201 2240 υἱός,

293 2265 614 2328 Αἰτωλῶν
659 2255 757 2346 ὄχ’
800 2263 1094 2347 ἀριστος,
1143 2261 1572 2345 ἐπιστάμενος
1617 2258 1739 2347 μὲν
1785 2263 2042 2346 ἄκοντι,

294 2367 537 2443 ἐσθλὸς
582 2362 643 2430 δ’
697 2365 771 2432 ἐν
818 2368 1083 2453 σταδίῃ·
1130 2367 1339 2452 ἀγορῇ
1379 2365 1458 2432 δέ
1499 2365 1533 2432 ἑ
1575 2376 1819 2452 παῦροι
1857 2362 2136 2454 Ἀχαιῶν

292 2471 535 2555 νίκων,
584 2471 824 2537 ὁππότε
867 2481 1099 2558 κοῦροι
1144 2473 1479 2559 ἐρίσσειαν
1523 2471 1673 2557 περὶ
1719 2475 1988 2558 μύθων·

297 2580 333 2646 ὅ
380 2595 544 2661 σφιν
590 2577 666 2642 ἐὺ
711 2575 1018 2661 φρονέων
1064 2577 1437 2661 ἀγορήσατο
1483 2576 1594 2643 καὶ
1639 2577 1999 2664 μετέειπεν·
2198 2598 2299 2648 285

296 2685 394 2769 „ib
440 2686 669 2764 πόποι,
716 2676 758 2764 ἦ
805 2680 969 2766 μέγα
1013 2688 1243 2767 θαῦμα
1278 2680 1418 2748 τόδ’
1472 2682 1926 2768 ὀφθαλμοῖσιν
1973 2685 2249 2771 ὁρῶμαι·

298 2781 444 2855 οἷον
491 2789 573 2872 δὴ
620 2782 763 2853 αὖτ’
818 2786 1071 2866 ἐξαῦτις
1115 2787 1354 2872 ἀνέστη
1400 2798 1603 2874 κῆρας
1647 2789 1889 2869 ἀλύξας

281 2894 562 2979 Ἕκτωρ·
606 2888 648 2978 ἦ
693 2895 831 2977 θήν
878 2917 992 2978 μιν
1038 2893 1210 2977 μάλα
1255 2896 1482 2960 ἔλπετο
1528 2880 1747 2980 θυμὸς
1792 2894 2068 2963 ἑκάστου

296 2998 525 3087 χερσὶν
570 2994 692 3066 ὑπ’
741 3006 1031 3077 Αἴαντος
1073 2998 1349 3066 θανέειν
1402 3002 1927 3086 Τελαμωνιάδαο.

299 3107 463 3172 ἀλλά
506 3129 605 3183 τις
642 3100 797 3172 αὖτε
841 3112 1024 3171 θεῶν
1069 3105 1392 3194 ἐρρύσατο
1438 3104 1544 3172 καὶ
1594 3107 1884 3173 ἐσάωσεν
2201 3130 2299 3180 290

285 3210 574 3297 ”Εκτορ’,
622 3211 659 3277 ὃ
706 3212 789 3295 δὴ
834 3217 1097 3290 πολλῶν
1143 3218 1435 3279 Δαναῶν
1480 3214 1609 3278 ὑπὸ
1654 3212 1924 3298 γούνατ’
1979 3219 2241 3301 ἔλυσεν,

301 3320 389 3395 ὡς
431 3316 541 3382 καὶ
585 3327 713 3383 νῦν
760 3321 1073 3383 ἔσσεσθαι
1119 3317 1368 3402 ὀίομαι·
1416 3319 1498 3384 οὐ
1541 3321 1668 3404 γὰρ
1714 3321 1867 3405 ἄτερ
1911 3345 1988 3404 γε

305 3426 524 3508 Ζηνὸς
570 3423 972 3509 ἐριγδούπου
1017 3426 1270 3508 πρόμος
1314 3424 1566 3491 ἵσταται
1614 3420 1743 3490 ὧδε
1778 3439 2123 3510 μενοινῶν.

258 3530 265 3536 ’
301 3529 443 3596 ἀλλ’
498 3524 715 3615 ἄγεθ’,
764 3529 853 3608 ὡς
898 3529 980 3595 ἂν
1028 3529 1154 3614 ἐγω
1202 3534 1392 3613 εἴπω,
1440 3532 1830 3615 πειθώμεθα
1874 3532 2129 3610 πάντες.
