2525 3884
316 190 404 255 80
1104 188 1405 240 1A1AA02
1441 186 1514 242 11.

314 331 719 415 Νεστορίδαι
766 325 827 395 δ’
869 329 907 396 ὁ
953 326 1076 416 μὲν
1121 325 1347 395 οὔτασ’
1394 323 1744 413 Ἀτύμνιον
1789 325 1921 406 ὀξέι
1967 319 2164 410 δουρὶ

307 433 705 520 Ἀντίλοχος,
752 436 1046 522 λαπάρης
1090 432 1166 502 δὲ
1212 436 1482 519 διήλασε
1526 435 1801 520 χάλκεον
1847 435 2062 517 ἔγχος·
2203 493 2208 497 ,

311 542 506 626 ἤριπε
551 537 625 606 δὲ
667 542 1100 627 προπάροιθε.
1188 541 1415 627 Μάρις
1459 536 1520 606 δ’
1563 539 1929 624 αὐτοσχεδὰ
1972 532 2172 621 δουρὶ

279 639 655 732 ,Ἀντιλόχῳ
702 645 1021 731 ἐπόρουσε
1069 648 1492 729 κασιγνήτοιο
1537 648 1889 731 χολωθείς,
2215 656 2334 706 320

313 751 470 827 στὰς
512 740 813 831 πρόσθεν
856 750 1117 829 νέκυος·
1160 759 1283 816 τοῦ
1329 749 1393 816 δ’
1436 750 1745 827 ἀντίθεος
1789 748 2241 835 Θρασυμήδης

313 856 495 940 ἔφθη
541 855 931 941 ὀρεξάμενος
974 855 1134 942 πρὶν
1183 856 1486 940 οὐτάσαι,
1534 853 1680 921 οὐδ’
1723 855 2140 940 ἀφάμαρτεν,

314 956 498 1046 ὦμον
542 963 748 1047 ἄφαρ·
795 964 1102 1048 πρυμνὸν
1148 958 1222 1028 δὲ
1268 965 1589 1048 βραχίονα
1634 962 1879 1047 δουρὸς
1920 959 2139 1043 ἀκωκὴ

315 1062 514 1150 δρύψ’
557 1066 685 1132 ἀπὸ
731 1068 1047 1152 μυώνων,
1094 1067 1219 1133 ἀπὸ
1269 1062 1332 1133 δ’
1373 1067 1605 1135 ὀστέον
1648 1070 1836 1153 ἄχρις
1880 1064 2140 1150 ἄραξεν.

316 1172 650 1254 δούπησεν
688 1169 763 1239 δὲ
795 1175 1047 1258 πεσών,
1091 1175 1256 1240 κατὰ
1293 1170 1368 1240 δὲ
1405 1176 1637 1250 σκότος
1672 1175 1828 1239 ὄσσε
1863 1172 2176 1248 κάλυψεν.
2215 1185 2328 1234 325

314 1271 404 1352 ὧς
444 1277 536 1341 τὼ
582 1274 704 1362 μὲν
750 1279 994 1345 δοιοῖσι
1037 1283 1490 1364 κασιγνήτοισι
1537 1278 1816 1364 δαμέντε

313 1383 522 1465 βήτην
566 1385 661 1461 εἰς
706 1386 960 1470 ἔρεβος,
1005 1387 1448 1471 Σαρπηδόνος
1491 1384 1726 1451 ἐσθλοὶ
1770 1382 2048 1469 ἑταῖροι,

285 1478 452 1576 ,υἷες
497 1487 874 1555 ἀκοντισταὶ
913 1488 1398 1577 Ἀμισωδάρου,
1445 1491 1518 1568 ὅς
1562 1490 1648 1576 ῥα
1693 1493 2026 1575 Χίμαιραν

310 1591 568 1678 θρέψεν
612 1595 1058 1681 ἀμαιμακέτην
1099 1595 1373 1662 πολέσιν
1415 1595 1621 1663 κακὸν
1664 1596 2142 1680 ἀνθρώποισιν.

311 1704 482 1775 Αἴας
524 1696 600 1766 δὲ
643 1703 1068 1783 Κλεόβουλον
1107 1697 1429 1783 Ὀιλιάδης
1476 1699 1843 1786 ἐπορούσας
2213 1707 2327 1761 330

316 1804 482 1882 ζωὸν
526 1802 663 1888 ἕλε,
708 1804 1096 1889 βλαφθέντα
1136 1807 1302 1870 κατὰ
1343 1807 1615 1871 κλόνον·
1662 1806 1848 1902 ἀλλάΧ
1872 1805 1943 1872 οἱ
1984 1799 2150 1869 αὖθι

315 1912 476 1974 λῦσε
521 1908 748 1995 μένος,
792 1909 1040 1994 πλήξας
1084 1909 1258 1994 ξίφει
1305 1909 1551 1999 αὐχένα
1594 1914 1938 1995 κωπήεντι.

312 2021 446 2079 πᾶν
491 2012 553 2080 δ’
595 2016 1075 2102 ὑπεθερμάνθη
1123 2013 1314 2102 ξίφος
1357 2016 1606 2100 αἵματι·
1648 2017 1769 2081 τὸν
1815 2013 1890 2081 δὲ
1932 2013 2074 2082 κατ’
2118 2016 2280 2080 ὄσσε

314 2121 547 2205 ἔλλαβε
589 2123 969 2208 πορφύρεος
1011 2122 1305 2197 θάνατος
1346 2118 1457 2186 καὶ
1501 2131 1700 2207 μοῖρα
1742 2124 2036 2208 κραταιή.

316 2224 668 2308 Πηνέλεως
721 2223 796 2293 δὲ
848 2228 1095 2293 Λύκων
1137 2249 1207 2291 τε
1262 2225 1710 2312 συνέδραμον·
1765 2229 1982 2310 ἔγχεσι
2027 2222 2150 2310 μὲν
2192 2227 2326 2310 γὰρ

313 2330 651 2415 ἤμβροτον
695 2331 1027 2415 ἀλλήλων,
1074 2329 1310 2417 μέλεον
1357 2326 1417 2396 δ’
1458 2331 1814 2414 ἠκόντισαν
1858 2333 2090 2417 ἄμφω,
2215 2348 2325 2398 336

315 2435 406 2499 τὼ
452 2432 513 2501 δ’
557 2430 742 2511 αὖτις
786 2435 1081 2521 ξιφέεσσι
1125 2436 1561 2522 συνέδραμον.
1651 2439 1822 2503 ἔνθα
1865 2437 2114 2502 Λύκων
2158 2432 2283 2521 μὲν

317 2540 687 2624 ἱπποκόμου
730 2542 1026 2626 κόρυθος
1070 2541 1287 2627 φάλον
1331 2543 1607 2626 ἤλασεν,
1650 2540 1821 2629 ἀμφὶ
1867 2537 1941 2607 δὲ
1983 2543 2237 2608 καυλὸν

317 2645 666 2729 φάσγανον
710 2645 1060 2731 ἐρραίσθη·
1108 2645 1145 2711 ὁ
1182 2641 1245 2711 δ’
1286 2642 1396 2711 ὑπ’
1442 2647 1678 2724 οὔατος
1721 2646 1968 2732 αὐχένα
2011 2653 2242 2714 θετνεν

317 2749 696 2833 Πηνέλεως,
741 2758 875 2815 πᾶν
921 2746 981 2815 δ’
1026 2756 1182 2816 εἴσω
1229 2751 1349 2816 ἔδυ
1385 2750 1605 2836 ξίφος,
1648 2754 1883 2837 ἔσχεθε
1921 2749 1982 2817 δ’
2028 2747 2176 2818 οἷον
2212 2770 2321 2819 340

319 2853 556 2940 δέρμα,
601 2852 949 2940 παρηέρθη
998 2851 1072 2921 δὲ
1114 2855 1315 2940 κάρη,
1358 2855 1685 2923 ὑπέλυντο
1732 2853 1806 2922 δὲ
1849 2867 2023 2940 γυῖα.

318 2962 670 3044 Μηριόνης
715 2954 777 3025 δ’
811 2957 1178 3046 Ἀκάμαντα
1220 2959 1425 3046 κιχεὶς
1466 2960 1623 3027 ποσὶ
1666 2966 2179 3048 καρπαλίμοισιν

317 3060 459 3143 νύξ’
511 3066 729 3131 ἵππων
775 3065 1255 3150 ἐπιβησόμενον
1299 3067 1463 3132 κατὰ
1509 3066 1725 3146 δεξιὸν
1772 3059 1983 3152 ὦμον·

315 3172 509 3256 ἤριπε
556 3165 618 3235 δ’
660 3170 727 3252 ἐξ
771 3169 1008 3256 ὀχέων,
1052 3171 1217 3237 κατὰ
1263 3164 1324 3236 δ’
1369 3171 1741 3258 ὀφθαλμῶν
1785 3171 1999 3258 κέχυτ’
2044 3174 2261 3260 ἀχλύς.

313 3271 680 3360 Ἰδομενεὺς
727 3272 787 3340 δ’
834 3272 1205 3362 Ἐρύμαντα
1247 3278 1414 3343 κατὰ
1457 3280 1665 3362 στόμα
1708 3278 1896 3361 νηλέι
1939 3285 2160 3369 χαλκῷ
2218 3297 2322 3353 345
2375 3314 2380 3320 ·

180 3464 197 3476 ,
315 3381 499 3460 νύξε·
543 3383 618 3447 τὸ
666 3376 729 3448 δ’
771 3380 1080 3468 ἀντικρὺς
1126 3383 1294 3468 δόρυ
1335 3382 1619 3467 χάλκεον
1663 3383 2051 3469 ἐξεπέρησεν

315 3486 560 3574 νέρθεν
602 3478 736 3553 ὑπ”
756 3487 1177 3575 ἐγκεφάλοιο,
1222 3487 1460 3555 κέασσε
1506 3482 1568 3554 δ’
1610 3486 1712 3575 ἄρ’
1756 3488 1951 3556 ὀστέα
1995 3491 2219 3558 λευκά·
2338 3543 2345 3553 .
