2525 3884
273 199 406 266 240
1078 201 1380 254 ΙΑιΑΔοΣ
1416 199 1484 252 Ω.

275 342 391 410 καὶ
436 346 739 429 Πρίαμος
783 341 892 409 καὶ
936 344 1094 420 λαὸς
1132 338 1569 428 Ἀλεξάνδρου
1614 338 1782 408 ἕνεκ’
1831 343 2022 426 ἄτης,

281 449 385 532 [ὃς
429 453 724 516 νείκεσσε
766 449 966 531 θεάς,
1013 449 1120 515 ὅτε
1167 449 1237 516 οἱ
1276 446 1651 533 μέσσαυλον
1697 449 1949 531 ἵκοντο,

275 556 400 639 τὴν
447 551 514 621 δ’
562 550 786 641 ᾔνησ’,
831 556 875 639 ἥ
920 555 993 621 οἰ
1029 557 1193 640 πόρε
1236 555 1665 640 μαχλοσύνην
1710 554 2099 639 ἀλεγεινήν]
2227 571 2303 620 30

279 656 424 727 ἀλλ’
466 662 574 727 ὅτε
620 663 704 745 δή
749 658 812 748 ῤ’
857 660 930 727 ἐκ
971 671 1115 725 τοῖο
1164 660 1545 744 δυωδεκάτη
1592 657 1804 744 γένετ’
1846 661 2008 744 ἠώς,

278 765 390 833 καὶ
433 764 568 833 τότ’
612 760 718 851 ἄρ’
759 765 1155 832 ἀθανάτοισι
1201 766 1496 850 μετηύδα
1547 769 1794 850 Φοῖβος
1833 759 2194 831 Ἀπόλλων·

281 872 619 959 ,,σχέτλιοί
659 872 832 955 ἐστε,
877 874 1061 955 θεοί,
1109 873 1502 956 δηλήμονες·
1551 871 1634 937 οὔ
1678 872 1765 937 νύ
1808 869 1968 937 ποθ’
2012 871 2174 956 ὑμῖν

279 976 533 1064 ’Ἕκτωρ
580 975 765 1064 μηρί’
810 980 958 1060 ἔκηε
1003 980 1184 1060 βοῶν
1231 979 1442 1060 αἰγῶν
1484 1001 1556 1042 τε
1598 980 1896 1055 τελείων;

279 1086 400 1150 τὸν
444 1093 573 1149 νῦν
619 1083 742 1150 οὐκ
787 1087 1011 1166 ἔτλητε
1054 1082 1258 1149 νέκυν
1304 1104 1428 1169 περ
1475 1082 1670 1149 ἐόντα
1713 1093 1998 1168 σαῶσαι,
2228 1101 2301 1149 35
2407 1080 2426 1110 “

282 1182 324 1276 ᾗ
370 1186 688 1278 τ’.ἀλόχφ
736 1189 941 1256 ἰδέειν
984 1188 1094 1255 καὶ
1140 1189 1372 1274 μητέρι
1415 1188 1527 1255 καὶ
1569 1187 1744 1256 τέκει·
1782 1180 1835 1276 ᾧ

281 1293 391 1361 καὶ
435 1295 668 1383 πατέρι
712 1296 995 1385 Πριάμῳ
1042 1299 1270 1361 λαοῖσί
1306 1318 1406 1377 τε,
1450 1297 1564 1360 τοί
1598 1293 1679 1361 κέ
1718 1319 1833 1379 μιν
1880 1291 2017 1360 ὦκα

283 1401 359 1467 ἐν
404 1400 565 1487 πυρὶ
609 1405 840 1488 κήαιεν
883 1400 993 1468 καὶ
1041 1400 1145 1468 ἐπὶ
1190 1399 1419 1487 κτέρεα
1464 1404 1851 1488 κτερίσαιεν.

285 1502 428 1573 ἀλλ’
471 1507 643 1596 ὀλοῷ
685 1506 962 1592 Ἀχιλῆι,
1005 1510 1190 1591 θεοί,
1238 1501 1556 1590 βούλεσθ’
1599 1507 1981 1594 ἐπαρήγειν,

285 1604 338 1701 ᾧ
387 1610 526 1679 οὔτ’
569 1612 652 1715 ἀρ
700 1612 940 1699 φρένες
986 1612 1156 1679 εἰσὶν
1201 1613 1532 1698 ἐναίσιμοι
1580 1613 1732 1678 οὔτε
1775 1615 1991 1698 νόημα
2230 1630 2302 1679 40

285 1720 626 1803 γναμπτὸν
672 1717 772 1784 ἐνὶ
818 1721 1166 1802 στήθεσσι,
1213 1719 1385 1784 λέων
1431 1716 1493 1783 δ’
1539 1718 1627 1796 ὣς
1673 1719 1869 1805 ἄγρια
1916 1714 2129 1803 οἶδεν,

285 1825 361 1902 ὅς
403 1819 460 1888 τ’
503 1822 641 1890 ἐπεὶ
685 1823 769 1910 ἂρ
815 1825 1061 1910 μεγάλῃ
1108 1848 1179 1890 τε
1224 1827 1338 1911 βίῃ
1383 1823 1494 1890 καὶ
1540 1824 1816 1909 ἀγήνορι
1860 1832 2058 1913 θυμῷ

285 1929 459 2009 εἴξας
503 1924 626 1998 εἶσ’
669 1928 774 1996 ἐπὶ
818 1935 992 2015 μῆλα
1037 1933 1327 2016 βροτῶν,
1375 1931 1488 1996 ἵνα
1534 1932 1726 1996 δαῖτα
1771 1932 2079 2016 λάβῃσιν·

287 2031 375 2115 ὧς
426 2035 717 2122 ’Λχιλεὺς
762 2038 949 2102 ἔλεον
994 2032 1117 2120 μὲν
1164 2035 1532 2118 ἀπώλεσεν,
1581 2033 1745 2102 οὐδέ
1787 2036 1858 2101 οἱ
1898 2037 2101 2113 αἰδὼς
2209 2064 2216 2069 ’

290 2146 639 2228 [γύγνεται,
684 2144 728 2227 ἥ
771 2139 829 2208 τ’
874 2143 1125 2227 ἄνδρας
1168 2140 1337 2227 μέγα
1382 2144 1634 2207 σίνεται
1678 2140 1786 2225 ἠδ’
1829 2142 2182 2225 ὀνίνησιν.]
2231 2158 2302 2206 45

286 2248 508 2333 μέλλει
550 2247 673 2333 μέν
717 2250 851 2314 πού
893 2272 994 2325 τις
1035 2246 1147 2314 καὶ
1192 2252 1509 2335 φίλτερον
1554 2249 1758 2314 ἄλλον
1803 2245 2102 2332 ὀλέσσαι,

287 2353 362 2438 ἠὲ
398 2358 802 2439 κασίγνητον
849 2354 1295 2440 ὁμογάστριον
1338 2352 1416 2438 ἠὲ
1460 2352 1572 2419 καὶ
1614 2355 1795 2419 υἶόν·

289 2457 432 2527 ἀλλ’
474 2455 517 2544 ἦ
561 2484 666 2526 τοι
707 2462 996 2538 κλαύσας
1040 2459 1153 2526 καὶ
1197 2460 1610 2545 ὀδυράμενος
1654 2458 2004 2545 μεθέηκεν·

289 2567 530 2649 τλητὸν
574 2566 701 2648 γὰρ
748 2575 977 2651 μοῖραι
1020 2566 1245 2651 θυμὸν
1291 2564 1506 2631 θέσαν
1558 2566 2034 2650 ἀνθρώποισιν.

289 2671 496 2757 αὐτὰρ
544 2671 581 2736 ὅ
624 2664 687 2754 γ’
723 2667 1005 2756 Ἕκτορα
1052 2673 1234 2754 δῖον,
1281 2669 1421 2737 ἐπεὶ
1456 2674 1659 2757 φίλον
1695 2667 1857 2757 ἦτορ
1895 2671 2187 2757 ἀπηύρα,
2234 2689 2303 2738 50

289 2778 509 2842 ἵππων
556 2773 849 2853 ἐξάπτων
894 2774 1045 2860 περὶ
1091 2770 1245 2859 σῆμ’
1289 2775 1547 2863 ἑτάροιο
1594 2781 1820 2863 φίλοιο

290 2881 489 2948 ἕλκει·
536 2882 619 2947 οὐ
663 2885 796 2967 μήν
842 2881 914 2948 οἰ
950 2884 1028 2947 τό
1071 2904 1146 2964 γε
1190 2882 1464 2948 κάλλιον
1516 2880 1680 2948 οὐδέ
1719 2880 1778 2946 τ’
1824 2884 2125 2967 ἄμεινον·

289 2989 377 3073 μὴ
424 2986 658 3074 ἀγαθςό
704 3009 826 3072 περ
873 2986 1050 3053 ἐόντι
1092 2991 1662 3072 νεμεσσηθειόμεν
1705 2987 1918 3072 ἡμεῖς·

289 3094 524 3178 κωφὴν
569 3094 694 3179 γὰρ
742 3093 824 3175 δὴ
870 3103 1068 3175 γαῖαν
1113 3092 1377 3170 ἀεικίζει
1421 3094 1853 3176 μενεαίνων.“

377 3200 497 3264 τὸν
543 3194 618 3262 δὲ
660 3195 1088 3282 χολωσαμένη
1134 3196 1438 3283 προσέφη
1486 3199 1890 3277 λευκώλενος
1931 3197 2134 3284 Ἥρη·
2238 3214 2306 3265 55

296 3310 439 3387 ,,εἰή
484 3327 601 3369 κεν
643 3300 754 3368 καὶ
798 3310 993 3368 τοῦτο
1038 3304 1190 3369 τεὸν
1238 3306 1420 3386 ἔπος,
1469 3303 1897 3391 ἀργυρότοξε,

294 3412 359 3475 εἰ
401 3410 482 3492 δὴ
528 3407 699 3492 ὁμὴν
751 3404 996 3492 Ἀχιλῆι
1039 3407 1151 3473 καὶ
1192 3406 1458 3493 ’Ἕκτορι
1502 3412 1745 3493 θήσετε
1789 3413 2003 3496 τιμήν.

293 3513 543 3598 Ἕκτωρ
588 3509 710 3597 μὲν
752 3515 1004 3597 θνητός
1047 3536 1117 3579 τε
1159 3514 1444 3597 γυναῖκά
1487 3537 1557 3579 τε
1600 3517 1856 3598 θήσατο
1903 3517 2138 3601 μαζόν·
