2525 3884
248 166 378 232 216
1049 168 1354 222 ῙΛῙΑΔοΣ
1388 169 1464 223 Ψ.

248 312 455 378 ὅσσον
501 312 714 397 έπεῖχε
757 311 985 395 νέκυς,
1031 312 1119 396 μὴ
1165 309 1327 398 πρὶν
1370 309 1566 396 μένος
1610 310 1856 394 ἠελίοιο
2157 324 2268 375 190

247 415 495 501 σκήλει’
540 416 709 503 ἀμφὶ
754 415 904 503 περὶ
949 420 1112 503 χρόα
1158 422 1370 482 ἴνεσιν
1414 412 1534 500 ἠδὲ
1578 415 1902 499 μέλεσσιν.

340 519 499 590 οὐδὲ
518 582 523 586 .
542 523 720 611 πυρὴ
769 526 1164 609 Πατρόκλου
1209 522 1460 589 ἐκαίετο
1504 529 1903 605 τεθνηῶτος·

248 626 396 695 ἔνθ’
442 624 584 696 αὖτ’
629 627 775 696 ἀλλ’
821 629 1054 713 ἐνόησε
1096 630 1435 714 ποδάρκης
1480 631 1622 707 δῖος
1660 626 2015 713 Ἀχιλλεύς·

249 737 407 813 στὰς
452 736 790 803 ἀπάνευθε
834 744 1046 822 πυρῆς
1091 738 1303 814 δοιοῖς
1340 731 1524 821 ἠρᾶτ’
1569 733 1939 821 ἀνέμοισιν,

247 847 473 929 Βορρῇ
517 841 629 909 καὶ
675 843 990 929 Ζεφύρῳ,
1036 840 1147 908 καὶ
1190 840 1506 926 ὑπέσχετο
1554 841 1699 927 ἷερά
1739 840 1931 907 καλά·
2159 857 2268 908 195

249 949 462 1016 πολλὰ
507 944 581 1015 δὲ
623 946 734 1013 καὶ
779 946 1086 1013 σπένδων
1129 947 1389 1036 χρυσέῳ
1440 946 1636 1012 δέπαι·
1674 946 2017 1013 λιτάνευεν

251 1052 562 1140 ἐλθέμεν,
612 1056 789 1140 ὄφρα
833 1054 1103 1139 τάχιστα
1147 1051 1311 1140 πυρὶ
1356 1055 1796 1140 φλεγεθοίατο
1841 1051 2066 1140 νεκροὶ

248 1161 375 1244 ὕλη
422 1183 493 1225 τε
538 1160 803 1226 σεύαιτο
848 1163 1188 1245 καήμεναι.
1282 1159 1451 1226 ὠκέα
1499 1157 1561 1225 δ’
1619 1150 1776 1247 Ἶρις

250 1267 476 1353 ἀράων
522 1267 762 1332 ἀίουσα
805 1267 1199 1351 μετάγγελος
1241 1262 1397 1350 ἦλθ’
1442 1265 1801 1351 ἀνέμοισιν.

252 1374 323 1440 οἱ
361 1369 485 1459 μὲν
530 1374 659 1459 ἄρα
705 1373 1039 1459 Ζεφύροιο
1087 1370 1368 1450 δυσαέος
1413 1372 1659 1459 ἁθρόοι
1703 1374 1904 1440 ἔνδον
2158 1390 2271 1441 200

251 1481 599 1563 εἰλαπίνην
647 1481 990 1546 δαίνυντο·
1037 1477 1295 1546 θέουσα
1343 1477 1417 1545 δὲ
1453 1470 1611 1566 Ἶρις
1657 1478 1890 1563 ἐπέστη

252 1590 434 1675 βηλῷ
483 1588 590 1652 ἔπι
634 1584 857 1673 λιθέῳ.
947 1583 1052 1651 τοὶ
1099 1580 1162 1651 δ’
1205 1586 1295 1663 ὡς
1341 1587 1491 1652 ἴδον
1536 1585 2020 1671 ὀφθαλμοῖσιν,

250 1693 490 1769 πάντες
533 1690 810 1775 ἀνήιξαν
854 1692 1091 1756 κάλεόν
1134 1690 1211 1758 τέ
1249 1716 1366 1776 μιν
1412 1693 1505 1769 εἰς
1549 1693 1585 1758 ἓ
1617 1690 1912 1770 ἕκαστος’·

255 1798 294 1883 ἡ
334 1792 396 1864 δ’
441 1791 598 1864 αὖθ’
644 1796 905 1876 ἕζεσθαι
950 1794 1071 1882 μὲν
1119 1797 1444 1882 ἀνήνατο,
1486 1793 1624 1865 εἷπε
1672 1796 1746 1864 δὲ
1788 1805 2041 1884 μῦθον·

253 1904 422 1990 ,,οὐχ
468 1902 643 1981 ἕδος·
692 1898 823 1988 εἶμι
868 1904 994 1989 γὰρ
1043 1898 1227 1981 αὖτις
1274 1899 1374 1971 ἐπ’
1432 1899 1767 1971 Ὠκεανοῖο
1813 1904 2089 1992 ῥέεθρα,
2160 1923 2270 1974 205

252 2013 611 2078 Αἰθιόπων
656 2010 722 2087 ἐς
765 2019 995 2094 γαῖαν,
1041 2010 1159 2076 ὅθι
1203 2004 1459 2096 ρέζουᾶ
1497 2009 1861 2095 ’ἑκατόμβας

254 2117 647 2201 ἀθανάτοις,
694 2116 807 2183 ἵνα
854 2116 942 2200 δὴ·
982 2115 1095 2182 καὶ
1139 2116 1265 2200 ἐγὼ
1312 2118 1786 2202 μεταδαίσομαι
1830 2118 2011 2203 ίρῶν.

255 2221 396 2290 ἀλλ’
455 2220 748 2308 Ἀχιλεὺς
790 2221 1052 2310 Βορέην
1095 2219 1215 2306 ἠδὲ
1260 2222 1572 2310 Ζέφυρον
1615 2225 2002 2290 κελαδεινὸν

256 2328 536 2414 ἐλθέμεν
583 2329 847 2415 ἀρᾶται,
892 2327 1004 2395 καὶ
1047 2329 1390 2414 ὑπίσχεται
1436 2330 1579 2417 ίερά
1621 2330 1816 2413 καλά,

255 2436 436 2521 ὄφρα
478 2435 700 2520 πυρὴν
746 2436 984 2520 ὄρσητε
1027 2437 1379 2521 καήμεναι,
1424 2426 1468 2521 ᾖ
1516 2437 1617 2503 ἔνι
1661 2447 1870 2502 κεῖται
2163 2454 2269 2503 210

230 2530 670 2626 ’Πάτροκλος,
715 2540 835 2606 τὸν
880 2540 1116 2618 πάντες
1160 2539 1731 2626 ἀναστενάχουσιν
1768 2539 2078 2626 Ἀχαιοί.“

339 2645 381 2730 ἡ
428 2642 550 2731 μὲν
595 2642 700 2731 ἄρ’
754 2639 842 2722 ὧς
888 2640 1144 2713 εἰποῦσ’
1186 2646 1580 2732 ἀπεβήσετο,
1624 2646 1731 2714 τοὶ
1776 2642 1839 2713 δ’
1890 2647 2161 2735 ὀρέοντο

253 2752 379 2837 ἠχῇ
423 2753 778 2837 θεσπεσίῃ,
824 2749 1033 2835 νέφεα
1077 2751 1430 2820 κλονέοντε
1473 2754 1818 2840 πάροιθεν.

255 2851 420 2935 αἶψα
467 2852 542 2924 δὲ
585 2859 836 2924 πόντον
882 2857 1116 2924 ἵκανον
1161 2857 1471 2944 ἀήμεναι,
1519 2854 1692 2945 ὦρτο
1740 2857 1815 2925 δὲ
1857 2869 2033 2946 κῦμα

253 2972 452 3049 πνοιῇ
496 2962 627 3029 ὕπο
674 2969 939 3050 λιγυρῇ·
994 2966 1243 3050 Τροίην
1289 2963 1349 3030 δ’
1396 2965 1721 3052 ἐρίβωλον
1768 2965 2075 3052 ἱκέσθην,
2164 2981 2267 3033 215

254 3068 329 3135 έν
375 3065 450 3136 δὲ
493 3078 670 3156 πυρῇ
715 3070 1026 3154 πεσέτην,
1073 3070 1242 3156 μέγα
1288 3068 1351 3136 δ’
1397 3077 1537 3156 ἴαχε
1581 3069 1941 3150 θεσπιδαὲς
1984 3082 2137 3158 πῦρ.

254 3174 612 3259 παννύχιοι
657 3173 719 3241 δ’
765 3177 893 3262 ἄρα
936 3178 1048 3242 τοί
1085 3200 1161 3260 γε
1206 3185 1421 3261 πυρῆς
1464 3178 1704 3262 ἄμυδις
1750 3175 1946 3262 φλόγ’
1991 3181 2272 3263 ἔβαλλον

256 3291 602 3365 φυσῶντες
645 3279 903 3364 λιγέως·
951 3281 988 3347 ὁ
1035 3278 1110 3349 δὲ
1154 3283 1493 3367 πάννυχος
1538 3281 1712 3359 ὠκὺς
1764 3278 2096 3368 Ἀχιλλεὺς

254 3387 543 3472 χρυσέου
589 3385 659 3453 έκ
702 3395 1059 3473 κρητῆρος,
1109 3386 1279 3454 ἑλὼν
1326 3386 1527 3464 δέπας
1571 3387 2097 3472 ἀμφικύπελλον,

117 3577 121 3582 ·
258 3487 448 3560 οἶνον
494 3492 962 3578 ἀφυσσόμενος
1005 3494 1286 3578 χαμάδις
1327 3490 1465 3578 χέε,
1515 3493 1667 3558 δεῦε
1713 3487 1788 3558 δὲ
1831 3505 2057 3579 γαῖαν,
2168 3511 2273 3562 220
