2525 3884
1013 185 1315 237 1A1AA02
1350 187 1467 238 xv.
2139 180 2226 245 57

247 323 309 400 ἐς
345 324 574 407 μέσσον
617 325 1003 410 κατέβαλλε,
1048 329 1441 411 γεφύρωσεν
1486 323 1560 393 δὲ
1605 327 1931 392 κέλευθον

241 433 477 516 μακρὴν
518 429 629 516 ἠδ’
681 433 978 519 εὐρεῖαν,
1025 434 1188 499 ὅσον
1231 428 1291 498 τ’
1345 430 1451 498 ἐπὶ
1497 432 1739 518 δουρὸς
1783 432 1955 518 ἐρωὴ

238 542 540 623 γίγνεται,
587 538 820 605 ὁππότ’
873 536 1043 623 ἀνὴρ
1089 539 1370 615 σθένεος
1412 539 1818 625 πειρώμενος
1860 527 2034 624 ᾖσιν.

238 649 305 726 τῇ
330 640 388 728 ῥ’
424 646 492 709 οἵ
510 669 586 729 γε
625 644 989 730 προχέοντο
1027 645 1494 729 φαλαγγηδόν,
1521 645 1652 730 πρὸ
1682 639 1744 709 δ’
1772 638 2104 709 Ἀπόλλων
2124 658 2228 708 360

237 745 420 831 αἰγίδ’
468 753 639 834 ἔχων
677 749 997 835 ἐρίτιμον·
1045 753 1261 835 ἔρειπε
1308 746 1382 816 δὲ
1426 760 1639 835 τεῖχος
1678 745 1955 834 Ἀχαιῶν

217 844 363 936 ’ῥεῖα
404 853 582 940 μάλ’,
631 857 720 933 ὡς
757 857 863 921 ὅτε
897 879 999 933 τις
1033 856 1354 940 ψάμαθον
1397 857 1551 933 πάις
1585 857 1732 940 ἄγχι
1772 854 2147 937 θαλάσσης,

230 960 296 1037 ὅς
334 957 390 1025 τ’
432 961 567 1028 ἐπεὶ
614 957 739 1028 οὖν
783 964 1028 1048 ποιήσῃ
1075 957 1430 1047 ἀθύρματα
1473 961 1854 1047 νηπιέῃσιν,

228 1063 313 1144 ἄψ
356 1063 535 1146 αὖτις
581 1068 895 1153 συνέχευε
938 1066 1138 1134 ποσὶν
1182 1067 1294 1133 καὶ
1337 1067 1565 1154 χερσὶν
1610 1063 1910 1154 ἀθύρων.
2017 1096 2040 1139 l
2059 1142 2188 1169 w,

227 1167 308 1248 ὧς
350 1173 432 1259 ῥα
467 1177 588 1258 σύ,
633 1151 736 1258 ἤῖε
779 1178 1014 1259 Φοῖβε,
1061 1177 1278 1240 πολὺν
1322 1175 1615 1259 κάματον
1660 1171 1770 1238 καὶ
1816 1156 2088 1251 ὀιζὺνᾎιι.
2101 1150 2434 1271 e365ss5slf‘.

226 1280 497 1366 σύγχεας
537 1276 882 1365 Ἀργείων,
930 1281 1189 1347 αὐτοῖσι
1237 1279 1312 1346 δὲ
1357 1282 1572 1365 φύζαν
1618 1279 1925 1365 ἐνῶρσας.

306 1381 391 1463 ὧς
434 1388 505 1451 οἰ
546 1384 667 1472 μεν
712 1388 891 1470 παρα
934 1385 1178 1470 νηυσὶν
1223 1387 1582 1472 ἐρητύοντο
1630 1384 1966 1468 μένοντες,

222 1486 560 1575 ἀλλήλοισί
597 1515 668 1557 τε
712 1495 1094 1576 κεκλόμενοι
1138 1491 1248 1557 καὶ
1284 1501 1444 1557 πᾶσι
1488 1497 1753 1555 θεοῖσιν

150 1648 164 1655 -
216 1608 431 1682 χεῖρας
477 1593 864 1681 ἀνίσχοντες
908 1593 1136 1682 μεγάλ’
1189 1597 1583 1683 εὐχετόωντο
1630 1595 1927 1672 ἕκαστος·

220 1702 499 1787 Νέστωρ
547 1698 702 1769 αὖτε
750 1703 1030 1787 μάλιστα
1075 1705 1426 1790 Γερήνιος,
1473 1697 1675 1789 οὖρος
1713 1698 2019 1787 Ἀχαιῶν,
2124 1718 2227 1767 370

222 1809 470 1893 εὔχετο,
517 1803 684 1892 χεῖρ’
736 1806 992 1891 ὀρέγων
1038 1809 1131 1884 εἰς
1176 1807 1471 1893 οὐρανὸν
1515 1809 1934 1894 ἀστερόεντα·

215 1920 391 1998 ,,Ζεῦ
435 1915 671 1998 πάτερ,
718 1919 785 1979 εἰ
822 1912 986 1978 ποτέ
1023 1916 1124 1990 τίς
1167 1937 1271 1980 τοι
1318 1914 1389 1979 ἐν
1416 1913 1653 1999 ’Ἀργεῖ’
1697 1936 1820 2001 περ
1865 1914 2227 1999 πολυπύρῳ

214 2021 256 2104 ἢ
301 2022 459 2104 βοὸς
504 2020 546 2104 ἢ
592 2022 733 2096 ὄιος
777 2021 942 2084 κατὰ
985 2023 1187 2084 πίονα
1233 2023 1437 2104 μηρία
1479 2023 1689 2084 καίων

216 2127 438 2211 εὔχετο
482 2134 832 2209 νοστῆσαι,
879 2128 964 2190 σὺ
1010 2121 1073 2189 δ’
1125 2124 1403 2210 ὑπέσχεο
1450 2122 1560 2189 καὶ
1604 2121 2030 2206 κατένευσας,

214 2244 344 2298 τῶν
390 2241 633 2318 μνῆσαι
676 2229 787 2295 καὶ
833 2232 1121 2339 ἄμυνον,
1165 2227 1498 2314 Ὀλύμπιε,
1545 2227 1774 2314 νηλεὲς
1815 2226 2023 2315 ἦμαρ,
2122 2246 2227 2295 375

218 2320 366 2422 μηδ’
420 2338 592 2404 οὕτω
645 2337 983 2423 Τρώεσσιν
1029 2341 1103 2402 ἔα
1150 2337 1535 2420 δάμνασθαι
1575 2332 1936 2420 Ἀχαιούς.“

249 2440 392 2520 ὧς
436 2438 622 2527 ἔφατ’
675 2443 1059 2528 εὐχόμενος,
1106 2441 1272 2526 μέγα
1320 2438 1381 2507 δ’
1436 2446 1668 2509 ἔκτυπε
1713 2446 1983 2527 μητίετα
2031 2443 2227 2524 Ζεύς,

219 2550 439 2636 ἀράων
482 2550 648 2614 ἀίων
693 2548 1083 2632 Νηληιάδαο
1130 2547 1458 2633 γέροντος.

226 2661 439 2743 Τρῶες
484 2652 545 2721 δ’
599 2655 686 2732 ὡς
731 2654 1065 2720 ἐπύθοντο
1111 2656 1280 2730 Διὸς
1322 2656 1573 2720 κτύπον
1620 2656 1978 2738 αἰγιόχοιο,

96 2785 103 2790 ·
222 2760 465 2847 μᾶλλον
495 2754 598 2826 ἐπ’
627 2756 982 2845 Ἀργειόισι
1020 2761 1266 2843 θόρον,
1314 2762 1652 2844 μνήσαντο
1701 2756 1774 2824 δὲ
1819 2759 2085 2844 χάρμης.
2125 2775 2228 2824 380

223 2869 289 2934 οἰ
327 2862 419 2951 δ’,
467 2869 556 2944 ὥς
598 2889 668 2931 τε
714 2865 881 2950 μέγα
926 2874 1102 2949 κῦμα
1147 2865 1492 2948 θαλάσσης
1537 2865 1936 2950 εὐρυπόροιο

128 2960 135 2969 ’
221 2975 377 3057 νηὸς
417 2969 583 3060 ὑπὲρ
627 2974 870 3055 τοίχων
906 2971 1372 3055 καταβήσεται,
1419 2966 1650 3036 ὁππότ’
1704 2970 1927 3055 ἐπείγῃ

222 3081 280 3156 ἲς
321 3078 596 3164 ἀνέμου·
641 3077 682 3161 ἡ
729 3077 855 3162 γάρ
902 3098 972 3140 τε
1017 3076 1296 3159 μάλιστά
1341 3099 1417 3159 γε
1460 3071 1693 3160 κύματ’
1746 3074 2039 3159 ὀφέλλει·

203 3181 308 3263 ,ὧς
358 3191 575 3272 Τρῶες
619 3183 866 3269 μεγάλῃ
918 3184 1067 3266 ἰαχῇ
1112 3184 1276 3247 κατὰ
1321 3192 1533 3265 τεῖχος
1580 3184 1880 3266 ἔβαινον,
1982 3234 1990 3243 .

187 3292 457 3379 ,ἵππους
501 3286 563 3355 δ’
615 3289 1068 3365 εἰσελάσαντες
1114 3286 1218 3354 ἐπὶ
1263 3288 1603 3373 πρύμνῃσι
1646 3288 1934 3372 μάχοντο
2124 3304 2226 3354 385

229 3401 477 3482 ἔγχεσιν
523 3396 882 3479 ἀμφιγύοις
929 3395 1370 3478 αὐτοσχεδόν,
1419 3395 1489 3457 οἰ
1529 3389 1651 3477 μὲν
1695 3389 1814 3476 ἀφ’
1866 3395 2111 3474 ἵππων,
2215 3413 2222 3422 ·

230 3506 292 3569 οἰ
329 3500 391 3569 δ’
444 3502 802 3593 ἀπὸνηῶν
848 3500 971 3579 ’ὕψι
1017 3498 1391 3584 μελαινάων
1440 3497 1780 3579 ἐπιβάντες
