2525 3884
276 156 419 266 '242
1086 203 1390 256 1A1AA02
1426 203 1492 257 Ω.

289 347 516 428 ,,τίπτε
562 369 640 430 με
685 356 903 424 κεῖνος
947 347 1162 430 ἄνωγε
1207 344 1409 430 μέγας
1451 349 1639 425 θεόςς
1687 342 1991 429 αἰδέομαι
2036 340 2110 410 δὲ
2230 361 2309 410 90

288 446 600 536 μίσγεσθ’
640 451 1110 535 ἀθανάτοισιν,
1158 454 1283 537 ἔχω
1331 448 1394 517 δ’
1437 449 1571 537 ἄχε’
1616 453 1849 536 ἄκριτα
1891 457 2107 538 θυμῷ.

293 551 426 642 εἶμι
470 556 622 642 μέν,
669 553 815 624 οὐδ’
858 559 1048 624 ἅλιον
1093 561 1249 635 ἔπος
1293 561 1579 642 ἔσσεται,
1624 559 1765 625 ὄττι
1806 581 1922 623 κεν
1967 558 2180 643 εἴπῃ.“

378 657 467 740 ὥς
512 665 640 750 ἄρα
684 666 1050 750 φωνήσασα
1093 660 1376 749 κάλυμμ’
1420 663 1526 730 ἕλε
1572 666 1683 730 δῖα
1727 664 1952 730 θεάων

263 769 605 854 κυάνεον,
652 778 772 836 τοῦ
819 767 881 835 δ’
926 770 1009 836 οὔ
1051 793 1117 836 τι
1160 771 1562 856 μελάντερον
1607 772 1834 836 ἔπλετο
1882 771 2099 846 ἔσθος.

180 951 188 957 ‚
290 879 375 959 βῆ
423 873 482 940 δ’
530 874 730 959 ἰέναι,
775 879 1077 960 πρόσθεν
1124 873 1197 941 δὲ
1241 878 1615 962 ποδήνεμος
1660 874 1830 942 ὠκέα
1865 867 2023 958 Ἶρις
2229 891 2303 940 95

289 976 525 1065 ἡγεῖτ’·
572 979 742 1066 ἀμφὶ
789 978 850 1047 δ’
895 983 1022 1066 ἄρα
1067 999 1190 1067 σφι
1235 982 1485 1060 λιάζετο
1529 990 1703 1068 κῦμα
1746 982 2105 1065 θαλάσσης.

289 1086 494 1170 ἀκτὴν
541 1082 601 1153 δ’
643 1086 1039 1171 ἐξαναβᾶσαι
1084 1088 1152 1164 ἐς
1197 1088 1491 1173 οὐρανὸν
1536 1088 1891 1173 ἀιχθήτην,

288 1188 492 1279 εὗρον
541 1190 601 1259 δ’
646 1194 1360 1281 εὐρύοπα-Κρονίδην,
1405 1193 1556 1280 περὶ
1602 1191 1663 1259 δ’
1707 1196 1895 1260 ἄλλοι
1940 1194 2223 1270 ἅπαντες

290 1295 466 1365 εἵαθ’
510 1299 859 1385 ὁμηγερέες
903 1300 1187 1387 μάκαρες
1227 1297 1384 1366 θεοὶ
1428 1297 1572 1367 αἰὲν
1618 1301 1852 1378 ἐόντες.

289 1403 332 1487 ἡ
381 1399 444 1470 δ’
487 1407 614 1490 ἄρα
660 1408 799 1492 πὰρ·
827 1405 947 1472 Διὶ
990 1405 1187 1491 πατρὶ
1231 1404 1571 1491 καθέζετο,
1619 1401 1746 1485 εἶξε
1783 1403 1845 1471 δ’
1889 1404 2158 1491 Ἀθήνη.
2196 1423 2301 1471 100

287 1508 463 1596 ’Ἡρη
512 1507 586 1577 δὲ
631 1508 911 1597 χρύσεόν
955 1514 1160 1578 καλὸν
1206 1510 1407 1589 δέπας
1451 1511 1525 1579 έν
1569 1511 1712 1597 χερὶ
1754 1519 1964 1596 θῆκεν

290 1620 408 1682 καί
445 1612 507 1701 ῥ’
551 1612 830 1703 εὔφρην’
872 1617 1156 1684 ἐπέεσσι·
1203 1618 1391 1695 Θέτις
1438 1614 1498 1684 δ’
1542 1617 1740 1703 ὤρεξε
1783 1628 2044 1684 πιοῦσα.

290 1732 463 1788 τοῖσι
509 1720 583 1788 δὲ
628 1724 869 1807 μύθων
912 1718 1071 1808 ἦρχε
1114 1725 1327 1808 πατὴρ
1373 1724 1640 1809 ἀνδρῶν
1683 1747 1753 1789 τε
1795 1729 1980 1789 θεῶν
2022 1742 2121 1789 τε·

292 1829 583 1911 »ἤλυθες
633 1827 1100 1911 Οὔλυμπόνδε,
1145 1830 1275 1894 θεὰ
1324 1827 1505 1912 Θέτι,
1550 1827 1883 1913 κηδομένη
1927 1850 2080 1914 περ,

292 1931 543 2010 πένθος
588 1935 876 2000 ἄλαστον
923 1937 1164 2019 ἔχουσα
1208 1937 1370 2020 μετὰ
1416 1938 1682 2021 φρεσίν·
1730 1928 1880 2000 οἶδα
1919 1934 2029 2001 καὶ
2076 1934 2300 2013 αὐτός·
2391 1922 2400 1931 ’

291 2039 457 2105 ἀλλὰ
500 2037 613 2106 καὶ
658 2035 747 2117 ὧς
792 2039 982 2125 ἐρέω,
1027 2049 1150 2106 τοῦ
1197 2037 1257 2106 σ’
1300 2042 1518 2107 εἵνεκα
1565 2042 1764 2125 δεῦρο
1809 2041 2109 2107 κάλεσσα.
2198 2059 2299 2110 106

294 2145 587 2232 ἐννῆμαρ
635 2147 718 2230 δὴ
762 2157 979 2224 νεῖκος
1024 2147 1097 2213 ἐν
1142 2147 1580 2213 ἀθανάτοισιν
1626 2149 1878 2234 ὄρωρεν

290 2248 604 2336 Ἕκτορος
650 2250 820 2339 ἀμφὶ
863 2251 1051 2319 νέκυι
1093 2251 1204 2319 καὶ
1255 2239 1541 2338 Ἀχιλλῆι
1585 2256 2039 2341 πτολιπόρθῳ·

292 2356 529 2436 κλέψαι
575 2352 638 2423 δ’
680 2358 1083 2443 ὀτρύνουσιν
1129 2359 1458 2427 ἐύσκοπον
1503 2359 1974 2444 ἀργεϊφόντην·

295 2463 502 2549 αὐτὰρ
549 2463 677 2548 ἐγὼ
722 2465 876 2529 τόδε
919 2467 1123 2544 κῦδος
1178 2460 1464 2550 Ἀχιλλῆι
1508 2467 1911 2553 προτιάπτω,
2200 2483 2301 2532 110

296 2570 462 2634 αἰδῶ
505 2567 617 2634 καὶ
663 2571 984 2654 φιλότητα
1026 2573 1181 2655 τεὴν
1226 2575 1587 2657 μετόπισθε
1629 2574 2008 2657 φυλάσσων.

296 2669 460 2752 αἶψα
504 2669 653 2759 μάλ’
696 2674 763 2753 ἐς
808 2678 1094 2762 στρατὸν
1140 2675 1298 2743 ἐλθὲ
1342 2677 1452 2743 καὶ
1495 2675 1627 2744 υἱέι
1672 2685 1767 2765 σῷ
1814 2678 2165 2744 ἐπίτειλον·

295 2781 662 2859 σκύζεσθαί
700 2782 771 2848 οἰ
811 2780 948 2848 εἰπὲ
993 2784 1229 2866 θεούς,
1276 2781 1388 2868 ἐμὲ
1434 2781 1494 2850 δ’
1538 2782 1727 2867 ἔξοχα
1770 2783 2037 2850 πάντων
2155 2822 2164 2827 -

296 2886 655 2953 ἀθανάτων
699 2894 1143 2974 κεχολῶσθαι,
1191 2889 1295 2955 ὅτι
1340 2887 1538 2976 φρεσὶ
1581 2887 2061 2976 μαινομένῃσιν

298 2990 556 3079 Ἕκτορ’
601 2995 734 3079 ἔχει
776 2995 953 3079 παρὰ
989 2991 1189 3077 νηυσὶ
1223 2998 1583 3078 κορωνίσιν
1622 2989 1769 3060 οὐδ’
1807 2993 2131 3060 ἀπέλυσεν
2141 3042 2162 3077 ,
2203 3010 2301 3060 115

297 3104 376 3164 αί
410 3098 525 3164 κέν
568 3121 709 3177 πως
752 3099 868 3184 ἐμέ
906 3123 976 3165 τε
1024 3101 1210 3185 δείσῃ
1257 3100 1387 3165 ἀπό
1430 3096 1507 3165 θ’
1554 3097 1838 3186 Ἕκτορα
1881 3100 2069 3185 λύσῃ.

298 3205 506 3290 αὐτὰρ
553 3203 680 3288 ἐγὼ
727 3204 1008 3291 Πριάμῳ
1055 3208 1452 3290 μεγαλήτορι
1485 3197 1651 3292 Ἰριν
1697 3206 1923 3291 ἐφήσω

297 3310 633 3375 λύσασθαι
678 3299 880 3393 φίλον
923 3310 1079 3374 υἱὸν
1127 3305 1293 3375 ἰόντ’
1333 3308 1438 3376 ἐπὶ
1481 3320 1645 3395 νῆας
1695 3305 2001 3396 Ἀχαιῶν,

296 3417 484 3498 δῶρα
531 3408 592 3479 δ’
650 3411 938 3498 Ἀχιλλῆι
983 3413 1299 3500 φερέμεν,
1344 3416 1424 3481 τά
1467 3440 1540 3482 κε
1582 3417 1809 3502 θυμὸν
1856 3418 2074 3503 ἰήνῃ.“

390 3516 479 3598 ὥς
515 3515 730 3605 ἔφατ’,
778 3514 924 3585 οὐδ’
966 3519 1254 3604 ἀπίθησε
1290 3521 1447 3604 θεά,
1497 3519 1685 3600 Θέτις
1722 3522 2161 3611 ἀργυρόπεζα,
2206 3540 2305 3593 120
