2525 3884
984 205 1288 257 ιΑΙΑΔοΣ
1323 207 1469 261 xm
2102 203 2222 269 151

221 343 477 429 κάπρου
518 345 649 411 άπὸ
693 348 920 432 τρίχας
964 345 1352 433 ἀρξάμενος,
1397 346 1518 414 Διὶ
1562 359 1781 437 χεῖρας
1825 347 2132 436 ἀνασχὼν

220 450 475 534 εὔχετο·
517 450 624 517 τοὶ
670 449 733 517 δ’
777 453 905 538 ἄρα
947 454 1187 531 πάντες
1229 448 1331 520 ἐπ’
1374 455 1659 539 αὐτόφιν
1704 456 1880 522 εἵατο
1927 465 2079 541 σιγῇ
2122 472 2227 522 265

211 550 492 640 Ἀργεῖοι
533 559 701 624 κατὰ
745 566 1018 644 μοῖραν,
1063 558 1419 636 ἀκούοντες
1464 563 1793 644 βασιλῆος.

217 660 569 746 εὐξάμενος
615 659 678 728 δ’
720 664 849 749 ἄρα
893 658 1075 730 εἶπεν
1122 666 1288 731 ἰδὼν
1334 666 1429 743 είς
1474 665 1767 753 οὐρανὸν
1812 667 2044 754 εὐρύν·

220 773 424 851 »ἴστω
467 778 598 834 νῦν
644 772 813 846 Ζεὺς
854 780 1112 857 πρῶτα,
1157 777 1344 837 θεῶν
1386 771 1635 849 ὕπατος
1678 769 1789 838 καὶ
1832 774 2126 857 ἄριστος,

216 881 313 957 γῆ
353 897 419 940 τε
458 873 573 941 καὶ
614 873 834 958 ἠέλιος
875 874 988 941 καὶ
1033 876 1318 960 ἐρινύες,
1364 878 1442 942 αἵ
1478 871 1553 943 θ’
1593 879 1723 944 ὑπὸ
1766 889 1966 963 γαῖαν

218 979 624 1067 ἀνθρώπους
664 985 995 1066 τίνυνται,
1041 984 1180 1061 ὅτις
1219 981 1283 1048 κ’
1334 983 1646 1071 ἐπίορκον
1692 985 1977 1072 ὀμόσσῃ,
2127 1002 2232 1054 260

218 1088 314 1170 μὴ
357 1085 475 1172 μὲν
520 1087 649 1170 ἐγὼ
689 1090 900 1175 κούρῃ
944 1091 1256 1175 Βρισηίδι
1299 1086 1463 1174 χεῖρ’
1507 1089 1834 1176 ἐπένεικα,

221 1190 365 1258 οὔτ’
413 1193 609 1277 εὐνῆς
649 1196 990 1280 πρόφασιν
1034 1194 1435 1282 κεχρημένος
1480 1196 1634 1263 οὔτε
1675 1219 1792 1263 τευ
1838 1199 2070 1265 ἄλλον·

221 1293 369 1364 ἀλλ’
408 1293 583 1384 ἔμεν’
626 1298 1111 1386 ἀπροτίμαστος
1155 1299 1256 1367 ἐνὶ
1299 1304 1634 1388 κλισίῃσιν
1681 1302 1931 1388 ἐμῇσιν.

220 1409 290 1470 εί
333 1404 409 1472 δέ
444 1429 510 1471 τι
551 1401 752 1472 τῶνδ’
793 1406 1132 1493 ἐπίορκον,
1179 1405 1329 1493 ἐμοὶ
1372 1405 1526 1474 θεοὶ
1572 1408 1773 1491 ἄλγεα
1819 1410 2003 1477 δοῖεν

219 1513 434 1577 πολλὰ
459 1509 638 1596 μάλ’,
676 1513 842 1578 ὅσσα
869 1514 1205 1598 διδοῦσιν,
1235 1515 1274 1579 ὅ
1300 1513 1376 1580 τέ
1399 1509 1516 1600 σφ’
1550 1514 1848 1600 ἀλίτηται
1880 1516 2233 1602 ὀμόσσας.“

314 1613 355 1701 ἦ
396 1616 507 1684 καὶ
551 1617 677 1684 ἀπὸ
723 1621 1053 1705 στόμαχον
1097 1620 1356 1706 κάπρου
1398 1621 1561 1705 τάμε
1604 1620 1792 1706 νηλέι
1835 1628 2082 1713 χαλκῷ·
2129 1642 2233 1692 266

220 1726 343 1790 τὸν
385 1721 507 1808 μὲν
558 1726 938 1810 Ταλθύβιος
978 1731 1214 1810 πολιῆς
1257 1725 1414 1804 ἁλὸς
1459 1727 1526 1805 ἐς
1570 1727 1736 1813 μέγα
1781 1734 2018 1816 λαῖτμα

225 1825 364 1916 ῥῖψ’
416 1831 826 1916 ἐπιδινήσας,
873 1834 1067 1915 βόσιν
1115 1833 1415 1918 ἰχθύσιν·
1462 1834 1671 1921 αὐτὰρ
1712 1832 2041 1921 Ἀχιλλεὺς

225 1938 468 2015 ἀνστὰς
505 1935 855 2023 Ἀργείοισι
901 1937 1445 2024 φιλοπτολέμοισι
1491 1941 1813 2024 μετηύδα·

224 2050 405 2130 ,,Ζεῦ
449 2045 678 2129 πάτερ,
724 2037 766 2127 ἦ
811 2044 1097 2129 μεγάλας
1141 2045 1297 2122 ἄτας
1341 2046 1658 2131 ἄνδρεσσι
1704 2047 2040 2112 διδοῖσθα.
2133 2064 2235 2115 270

226 2152 350 2217 οὐκ
394 2149 479 2215 ἂν
523 2150 606 2232 δή
650 2171 809 2217 ποτε
851 2151 1079 2235 θυμὸν
1124 2147 1226 2216 ἐνὶ
1272 2154 1632 2235 στήθεσσιν
1677 2150 1936 2235 ἐμοῖσιν

218 2252 551 2342 Ἀτρεΐδης
594 2256 794 2342 ὤρινε
839 2255 1218 2342 διαμπερές,
1265 2255 1431 2322 οὐδέ
1469 2280 1543 2323 κε
1586 2257 1840 2345 κούρην
2057 2306 2064 2315 .

226 2361 388 2448 ἦγεν
434 2361 588 2447 ἐμεῦ
633 2360 942 2440 ἀέκοντος
986 2362 1347 2448 ἀμήχανος·
1394 2362 1560 2429 ἀλλά
1604 2369 1772 2429 ποθι
1817 2366 1986 2443 Ζεὺς

224 2469 417 2554 ἤθελ’
451 2466 808 2553 Ἀχαιοῖσιν
851 2470 1153 2535 θάνατον
1195 2467 1505 2535 πολέεσσι
1547 2468 1883 2554 γενέσθαι.

228 2586 355 2642 νῦν
394 2571 454 2639 δ’
481 2569 743 2661 ἔρχεσθ’
767 2572 874 2640 ἐπὶ
910 2576 1211 2659 δεῖπνον,
1257 2576 1372 2641 ἵνα
1408 2575 1793 2661 ξυνάγωμεν
1818 2575 2095 2667 '‘Apum“
2136 2594 2237 2645 275

316 2678 408 2760 ὦς
452 2678 555 2765 ἄρ’
609 2681 984 2765 ἐφώνησεν,
1030 2687 1232 2748 λῦσεν
1279 2678 1342 2748 δ’
1386 2682 1639 2768 ἀγορὴν
1687 2684 1999 2768 αἰψηρήν.

233 2791 302 2855 οἱ
339 2786 463 2874 μὲν
509 2781 612 2873 ἄρ’
653 2787 1040 2853 ἐσκίδναπο
1088 2787 1204 2872 ἑὴν
1250 2786 1357 2853 ἐπὶ
1400 2797 1530 2872 νῆα
1575 2787 1876 2870 ἕκαστος,

232 2897 412 2979 δῶρα
459 2890 533 2960 δὲ
576 2894 1009 2977 Μυρμιδόνες
1053 2896 1491 2980 μεγαλήτορες
1535 2891 2025 2978 ἀμφεπένοντο,
2093 2949 2096 2954 .

231 3003 358 3085 βὰν
405 2996 466 3065 δ’
510 2998 615 3065 ἐπὶ
658 3008 786 3083 νῆα
831 2999 1146 3085 φέροντες
1183 2997 1521 3083 Ἀχιλλῆος
1572 3002 1817 3064 θείοιο·

232 3104 340 3172 καὶ
392 3106 473 3171 τὰ
517 3102 638 3190 μὲν
684 3105 757 3171 ἐν
803 3107 1094 3190 κλισίῃσι
1137 3104 1381 3188 θέσαν,
1436 3106 1727 3171 κάθισαν
1774 3101 1848 3171 δὲ
1893 3115 2239 3189 γυναῖκας,

234 3214 472 3289 ἵππους
516 3207 580 3277 δ’
621 3213 714 3288 εἰς
759 3209 1001 3295 ἀγέλην
1046 3213 1291 3276 ἔλασαν
1336 3212 1746 3295 θεράποντες
1791 3210 2046 3295 ἀγαυοί.
2138 3227 2239 3277 281

319 3315 592 3405 Βρισηὶς
638 3313 699 3384 δ’
741 3315 846 3402 ἄρ’
891 3313 1114 3401 ἔπειτ’,
1164 3315 1342 3400 ἰκέλη
1387 3316 1636 3403 χρυσέῃ
1677 3314 2064 3404 Ἀφροδίτῃ,

236 3425 323 3501 ὡς
365 3425 466 3489 ἴδε
513 3424 905 3507 Πάτροκλον
950 3421 1389 3508 δεδαϊγμένον
1435 3423 1570 3502 ὀξέι
1615 3427 1863 3508 χαλκῷ,

238 3526 394 3615 ἀμφ’
437 3529 614 3617 αὐτῷ
660 3526 908 3613 χυμένη
955 3526 1083 3611 λίγ’
1129 3528 1403 3611 ἐκώκυε,
1448 3525 1637 3612 χερσὶ
1685 3521 1745 3589 δ’
1790 3526 2084 3606 ἅμυσσεν
