2525 3884
181 188 315 254 254
982 189 1285 243 ῙΑΙΔΔΟΣ
1320 190 1388 244 Ω.
1432 214 1449 230 ·

183 330 325 398 ἀλλ’
375 327 420 416 ἦ
463 355 567 399 τοι
613 330 735 418 μὲν
781 332 909 415 ἐγὼ
953 331 1155 397 πάλιν
1200 337 1489 416 εἴσομαι,
1537 326 1689 398 οὐδ’
1734 329 2028 419 Ἀχιλῆος

184 440 577 525 ὀφθαλμοὺς
620 445 881 524 εἴσειμι·
925 439 1330 523 νεμεσσητὸν
1377 437 1457 504 δέ
1494 462 1611 505 κεν
1656 444 1756 523 εἴη

183 546 523 612 ἀθάνατον
568 546 735 611 θεὸν
779 540 908 610 ὧδε
953 546 1236 629 βροτοὺς
1280 542 1686 630 ἀγαπαζέμεν
1729 545 1964 629 ἄντην·

181 653 346 737 τύνη
393 648 454 717 δ’
506 651 831 718 εἰσελθὼν
874 647 1034 735 λαβὲ
1075 651 1372 733 γούνατα
1417 654 1832 735 Πηλεΐωνος,
2091 666 2196 718 465

180 763 297 825 καί
332 782 450 844 μιν
492 754 659 844 ὑπὲρ
704 758 951 843 πατρὸς
993 754 1105 821 καὶ
1148 754 1432 843 μητέρος
1474 756 1796 842 ἠυκόμοιο

182 867 404 930 λίσσεο
448 861 559 929 καὶ
601 861 852 947 τέκεος,
897 863 1010 928 ἵνα
1055 862 1126 928 οἱ
1155 864 1286 927 σὺν
1328 863 1555 947 θυμὸν
1597 863 1890 949 όρίνῃς.“

271 965 359 1048 ὥς
400 970 531 1052 ἄρα
576 969 892 1053 φωνήσας
936 966 1146 1052 ἀπέβη
1190 971 1357 1054 πρὸς
1392 970 1645 1055 μακρὸν
1673 968 2019 1053 ’Όλυμπον

175 1074 500 1163 Ἑρμείας·
548 1077 851 1161 Πρίαμος
895 1071 957 1139 δ’
1009 1072 1076 1152 ἐξ
1121 1075 1342 1140 ἳππων
1387 1069 1543 1141 ἆλτο
1582 1079 1852 1160 χαμᾶζε,

177 1179 423 1247 Ἰδαῖον
469 1177 544 1246 δὲ
585 1178 725 1246 κατ’
778 1174 945 1246 αὖθι
990 1183 1211 1246 λίπεν·
1256 1180 1295 1247 ὁ
1341 1177 1416 1246 δὲ
1460 1183 1700 1266 μίμνεν
1745 1181 2001 1267 ἐρύκων
2090 1197 2197 1247 470

184 1288 424 1365 ἵππους
464 1285 784 1372 ἡμιόνους
826 1309 914 1352 τε.
959 1284 1175 1372 γέρων
1223 1284 1286 1351 δ’
1342 1287 1498 1364 mg
1531 1289 1676 1352 κίεν
1720 1292 1940 1365 οίκου,

182 1403 261 1478 τῇ
307 1389 368 1480 ῤ’
412 1389 703 1477 Ἀχιλεὺς
744 1393 952 1472 ἵζεσκε
998 1394 1322 1478 διίφιλος.
1369 1392 1443 1458 ἐν
1489 1392 1569 1459 δέ
1609 1417 1725 1478 μιν
1769 1394 1975 1459 αὐτὸν

187 1495 355 1586 εὗρ’,
402 1498 625 1585 ἕταροι
670 1496 732 1563 δ’
787 1498 1124 1565 ἀπάνευθε
1169 1500 1513 1565 καθείατο·
1555 1500 1646 1565 τὼ
1694 1496 1769 1565 δὲ
1814 1498 1918 1565 δύ’
1974 1506 2123 1581 οἴω,

183 1608 358 1692 ἥρως
402 1602 810 1689 Αὐτομέδων
851 1627 923 1669 τε
966 1602 1078 1669 καὶ
1104 1603 1415 1689 Ἄλκιμος
1459 1606 1605 1685 ὄζος
1630 1603 1904 1692 Ἄρηος,

183 1715 515 1777 ποίπνυον
559 1712 903 1796 παρεόντε·
948 1708 1107 1777 νέον
1154 1707 1215 1776 δ’
1269 1709 1593 1794 ἀπέληγεν
1639 1711 1891 1796 ἐδωδῆς
2093 1727 2197 1778 475

186 1821 409 1884 ἔσθων
452 1814 562 1883 καὶ
605 1820 845 1883 πίνων·
891 1818 988 1882 ἔτι
1030 1815 1143 1882 καὶ
1184 1816 1529 1903 παρέκειτο
1574 1817 1870 1904 τράπεζα.

185 1927 340 2002 τοὺς
368 1920 427 1990 δ’
463 1920 651 1990 ἔλαθ’
688 1923 1011 1989 εἰσελθὼν
1040 1926 1344 2009 Πρίαμος
1360 1921 1582 2009 μέγας,
1610 1925 1763 2010 ἄγχι
1790 1921 1850 1991 δ’
1884 1924 2015 2009 ἄρα
2042 1924 2199 2001 στὰς

184 2029 411 2117 χερσὶν
448 2025 783 2116 Ἀχιλλῆος
825 2029 987 2113 λάβε
1027 2030 1323 2112 γούνατα
1366 2028 1476 2094 καὶ
1519 2030 1679 2096 κύσε
1723 2040 1945 2116 χεῖρας

187 2139 410 2215 δεινὰς
453 2136 949 2222 ἀνδροφόνους,
995 2135 1071 2200 αἴ
1108 2136 1179 2200 οἰ
1208 2132 1451 2214 πολέας
1495 2136 1739 2203 κτάνον
1782 2129 1948 2213 υἷας.

185 2243 276 2321 ὡς
302 2239 364 2309 δ’
399 2236 494 2309 ὅτ’
527 2241 611 2307 ἂν
639 2236 830 2325 ἄνδρ’
864 2242 984 2323 ἄτη
1013 2242 1253 2325 πυκινὴ
1278 2241 1475 2326 λάβῃ,
1503 2242 1576 2319 ὃς
1610 2237 1671 2306 τ’
1716 2239 1814 2308 ἐνὶ
1851 2242 2063 2331 πάτρῃ
2092 2259 2201 2316 430

187 2359 376 2434 φῶτα
416 2350 839 2424 κατακτείνας
882 2347 1102 2412 ἄλλων
1149 2346 1394 2425 ἐξίκετο
1442 2348 1686 2432 δῆμον,
2221 2366 2230 2375 “

186 2455 431 2541 ἀνδρὸς
475 2454 541 2530 ἐς
585 2452 897 2537 ἀφνειοῦ,
942 2453 1205 2537 θάμβος
1251 2450 1318 2517 δ’
1371 2455 1503 2537 ἔχει
1548 2456 2019 2540 εἰσορόωντας,

187 2555 276 2639 ὥς
312 2558 603 2645 Ἀχιλεὺς
635 2558 983 2642 θάμβησεν
1030 2560 1195 2624 ἰδὼν
1240 2561 1550 2644 Πρίαμον
1593 2559 1924 2627 θεοειδέα·

186 2667 542 2751 θάμβησαν
588 2661 662 2730 δὲ
706 2662 816 2730 καὶ
860 2666 1078 2749 ἄλλοι,
1126 2666 1194 2743 ἐς
1238 2665 1564 2749 ἀλλήλους
1609 2663 1684 2732 δὲ
1728 2669 1974 2733 ίδοντο.

186 2775 305 2839 τὸν
347 2769 459 2837 καὶ
504 2774 892 2855 λισσόμενος
935 2774 1237 2857 Πρίαμος
1281 2773 1445 2857 πρὸς
1490 2779 1716 2856 μῦθον
1761 2776 2003 2839 ἔειπεν·
2092 2789 2197 2841 485

185 2888 476 2964 ,,μνῆσαι
517 2879 765 2965 πατρὸς
807 2887 984 2959 σοῖο,
1029 2883 1217 2953 θεοῖς
1262 2873 1562 2943 ἐπιείκελ’
1608 2875 1931 2963 Ἀχιλλεῦ,

185 2988 476 3069 τηλίκου,
523 2983 612 3062 ὤς
653 3003 775 3069 περ
821 2982 1013 3067 ἐγών,
1059 2983 1230 3071 ὀλοῷ
1280 2980 1384 3048 ἐπὶ
1418 2985 1665 3069 γήραος
1709 2985 1906 3072 οὐδῷ.

185 3089 295 3157 καὶ
339 3089 461 3175 μέν
504 3110 637 3155 που
680 3099 904 3155 κεῖνον
948 3086 1352 3175 περιναιέται
1398 3086 1603 3174 ἀμφὶς
1649 3089 1868 3168 ἐόντες

185 3193 500 3283 τείρουσ’,
548 3192 712 3261 ούδέ
740 3216 840 3271 τις
885 3197 1064 3260 ἔστιν
1108 3195 1277 3280 ἀρὴν
1323 3193 1435 3259 καὶ
1479 3197 1710 3279 λοιγὸν
1757 3196 2019 3282 ἀμῦναι.

188 3302 330 3369 ἀλλ’
381 3298 423 3386 ἦ
468 3324 572 3367 τοι
616 3302 831 3377 κεῖνός
873 3323 949 3383 γε
994 3298 1197 3367 σέθεν
1247 3302 1527 3379 ζώοντος
1572 3301 1836 3368 ἀκούων
2092 3318 2196 3368 490

186 3411 397 3494 χαίρει
441 3403 500 3472 τ’
542 3406 615 3472 ἐν
658 3412 856 3493 θυμῷ
903 3406 1015 3472 ἐπί
1051 3403 1111 3470 τ’
1164 3409 1421 3472 ἔλπεται
1464 3407 1678 3491 ἤματα
1721 3408 1937 3474 πάντα

188 3515 475 3594 ὄψεσθαι
522 3515 722 3597 φίλον
765 3512 917 3578 υἱὸν
964 3511 1091 3577 ἀπὸ
1147 3514 1481 3598 Τροίηθεν
1529 3514 1740 3579 ἰόντα·
