2525 3884
327 195 455 261 100
1118 196 1420 247 1A1AA02
1454 197 1514 248 P.

325 341 534 425 δῃῶν·
579 336 747 423 ἀμφὶ
793 334 868 403 δὲ
910 339 1028 403 τόν
1071 362 1147 422 γε
1191 339 1387 415 κύνες
1429 331 1487 401 τ’
1529 339 1769 422 ἄνδρες
1811 360 1882 403 τε
1925 346 2163 422 νομῆες
2250 351 2321 404 65

322 444 533 509 πολλὰ
575 439 725 528 μάλ’
769 444 1064 522 ἰύζουσιν
1109 444 1497 530 ἀπόπροθεν
1543 442 1691 509 οὐδ’
1744 441 2097 509 ἐθέλουσιν

323 548 552 614 ἀντίον
597 546 968 634 ἐλθέμεναι·
1015 550 1186 633 μάλα
1230 550 1357 634 γὰρ
1402 550 1660 635 χλωρὸν
1706 548 1857 626 δέος
1901 550 2100 634 αἱρεῖ·

325 649 414 731 ὥς
454 665 590 720 τῶν
636 656 718 720 οὔ
759 679 895 721 τινι
936 656 1155 740 θυμὸς
1199 653 1301 721 ἐνὶ
1346 657 1706 739 στήθεσσιν
1752 655 1989 740 ἐτόλμα

324 759 553 826 ἀντίον
597 757 947 845 ἐλθέμεναι
990 760 1344 826 Μενελάου
1387 761 1795 845 κυδαλίμοιο.

325 868 496 931 ἔνθα
534 889 610 931 κε
654 865 799 951 ῥεῖα
844 864 1040 952 φέροι
1083 868 1288 932 κλυτὰ
1330 867 1561 951 τεύχεα
1605 867 2002 933 Πανθοΐδαο
2250 881 2317 932 70

318 963 673 1057 Ἀτρεΐδης,
720 972 783 1036 εἰ
823 973 912 1056 μή
957 971 1029 1036 οί
1066 971 1397 1055 ἀγάσσατο
1448 975 1693 1056 Φοῖβος
1730 970 2100 1055 Ἀπόλλων,

325 1077 398 1154 ὅς
441 1076 525 1162 ῥά
570 1077 642 1141 οἷ
679 1074 938 1162 Ἕκτορ’
983 1076 1233 1164 ἐπῶρσε
1276 1080 1422 1166 θοῷ
1468 1078 1834 1144 ἀτάλαντον
1862 1076 2084 1163 Ἄρηι,

324 1181 509 1269 ἀνέρι
554 1183 923 1267 εἰσάμενος,
969 1186 1278 1249 Κικόνων
1329 1183 1603 1271 ἡγήτορι
1645 1182 1901 1269 Μέντῃ·

321 1292 439 1354 καί
474 1313 591 1374 μιν
636 1293 951 1375 φωνήσας
995 1293 1150 1357 ἔπεα
1193 1292 1549 1377 πτερόεντα
1592 1289 1967 1375 προσηύδα·

323 1393 619 1482 ,ξἘκτορ,
663 1405 793 1463 νῦν
838 1400 923 1463 σὺ
968 1393 1089 1481 μὲν
1135 1391 1264 1462 ὦδε
1308 1395 1490 1474 θέεις
1531 1396 1802 1480 ἀκίχητα
1848 1396 2133 1472 διώκων,
2248 1406 2310 1458 ‘15

326 1500 565 1579 ἵππους
607 1503 933 1567 Αἰακίδαο
980 1503 1373 1588 δαΐφρονος·
1418 1501 1492 1568 οἰ
1527 1495 1593 1566 δ’
1634 1498 1960 1585 ἀλεγεινοὶ

326 1605 606 1690 ἀνδράσι
649 1630 725 1691 γε
767 1614 1079 1690 θνητοῖσι
1122 1609 1495 1692 δαμήμεναι
1537 1605 1644 1690 ἠδ’
1688 1606 2025 1692 ὀχέεσθαι,

324 1712 500 1798 ἄλλω
537 1710 599 1795 γ’
640 1711 684 1797 ἣ
724 1710 997 1796 Ἀχιλῆι,
1043 1714 1161 1779 τὸν
1207 1712 1509 1796 ἀθανάτη
1555 1710 1699 1779 τέκε
1741 1715 1970 1798 μήτηρ.

324 1820 541 1904 τόφρα
588 1815 668 1883 δέ
706 1841 810 1883 τοι
853 1817 1199 1895 Μενέλαος
1242 1818 1474 1906 ἀρήιος
1509 1813 1769 1903 Ἀτρέος
1809 1819 1957 1894 υίὸς

325 1925 693 2011 Πατρόκλῳ
733 1925 1006 2009 περιβὰς
1057 1924 1306 2010 Τρώων
1349 1926 1468 1989 τὸν
1512 1925 1785 2008 ἄριστον
1832 1926 2146 2008 ἔπεφνεν,
2250 1938 2311 1987 80

324 2031 724 2112 Πανθοΐδην
763 2027 1167 2115 Ἑύφορβον,
1216 2031 1459 2095 ἔπαυσε
1504 2026 1580 2095 δὲ
1622 2030 1948 2115 θούριδος
1993 2028 2248 2113 ἀλκῆς.“

414 2129 501 2211 ὧς
544 2136 749 2201 εἰπὼν
792 2134 830 2201 ὁ
872 2131 993 2220 μὲν
1040 2130 1225 2213 αὖτις
1269 2137 1387 2219 ἔβη
1432 2135 1593 2213 θεὸς
1635 2133 1726 2219 ἂμ
1767 2136 1981 2200 πόνον
2026 2134 2310 2217 ἀνδρῶν,

313 2236 591 2326 Ἕκτορα
637 2236 702 2306 δ’
743 2242 934 2307 αἰνὸν
979 2243 1137 2326 ἄχος
1178 2242 1431 2307 πύκασε
1476 2239 1726 2328 φρένας
1769 2241 2256 2326 ἀμφιμελαίνας.

325 2346 662 2429 πάπτηνεν
707 2345 770 2411 δ’
813 2344 918 2434 ἄρ’
962 2350 1181 2413 ἔπειτα
1223 2348 1389 2412 κατὰ
1433 2348 1684 2431 στίχας,
1731 2346 1965 2412 αὐτίκα
2002 2340 2063 2411 δ’
2098 2348 2260 2429 ἔγνω

329 2451 448 2515 τὸν
484 2446 606 2535 μὲν
640 2450 1093 2541 ψαινύμενον
1127 2452 1335 2516 κλυτὰ
1369 2451 1634 2537 τεύχεαὶ
1673 2451 1794 2515 τὸν
1832 2443 1895 2515 δ’
1937 2449 2041 2516 ἐπὶ
2085 2453 2233 2536 γαίῃ
2249 2465 2311 2516 85

325 2558 657 2641 κείμενον·
701 2558 879 2641 ἔρρει
923 2553 983 2619 δ’
1029 2548 1187 2640 αἷμα
1231 2550 1372 2622 κατ’
1414 2553 1785 2640 οὐταμένην
1830 2555 2123 2639 ὠτειλήν.

326 2665 410 2746 βῆ
456 2659 530 2728 δὲ
575 2661 686 2726 διὰ
727 2661 1084 2746 προμάχων
1128 2662 1617 2747 κεκορυθμένος
1660 2667 1898 2728 αἴθοπι
1941 2667 2190 2749 χαλκῷ,

316 2758 476 2846 ’ὀξέα
519 2767 875 2850 κεκληγώς,
922 2765 1124 2851 φλογὶ
1170 2772 1417 2844 εἴκελος
1450 2763 1842 2853 ἹΙφαίστοιο

327 2870 648 2961 ἀσβέστῳ·
696 2867 842 2938 οὐδ’
881 2873 1034 2937 υἱὸν
1077 2871 1289 2937 λάθεν
1327 2867 1581 2958 ’Λτρέος
1625 2871 1743 2952 ὀξὺ
1792 2876 2060 2957 βοήσας·

328 2978 622 3064 ὀχθήσας
664 2975 726 3044 δ’
771 2979 897 3063 ἄρα
941 2973 1080 3045 εἷπε
1123 2980 1288 3064 πρὸς
1332 2977 1412 3044 ὃν
1456 2980 1867 3064 μεγαλήτορα
1909 2980 2162 3062 θυμόν·
2253 2986 2309 3039 90

328 3086 426 3167 ,,ὥ
463 3107 577 3168 μοι
621 3083 818 3166 ἐγών·
865 3085 929 3149 εἰ
967 3082 1090 3168 μέν
1133 3108 1207 3149 κε
1253 3087 1420 3150 λίπω
1464 3085 1626 3149 κάτα
1670 3085 1903 3169 τεύχεα
1944 3086 2110 3150 καλὰ
2359 3108 2362 3113 ⁴

331 3189 718 3276 Πάτροκλόν
761 3186 862 3272 θ’,
909 3189 983 3267 ὃς
1023 3199 1229 3255 κεῖται
1276 3189 1433 3274 ἐμῆς
1476 3186 1642 3255 ἕνεκ’
1688 3190 1934 3255 ἐνθάδε
1977 3199 2191 3275 τιμῆς,

328 3298 425 3380 μή
460 3298 558 3373 τίς
602 3318 715 3380 μοι
759 3299 1049 3360 Δαναῶν
1094 3297 1549 3380 νεμεσήσεται,
1595 3296 1668 3374 ὃς
1710 3319 1826 3361 κεν
1872 3297 2104 3380 ἴδηται.

329 3403 392 3466 εἰ
434 3399 515 3466 δέ
551 3424 666 3466 κεν
695 3399 959 3484 ’Ἕκτορι
1003 3409 1251 3485 μοῦνος
1296 3402 1424 3467 ἐὼν
1466 3400 1577 3466 καὶ
1630 3400 1848 3487 Τρωσὶ
1893 3402 2191 3486 μάχωμαι

329 3508 690 3591 αἰδεσθείς,
737 3508 826 3592 μή
869 3508 1005 3584 πώς
1050 3531 1128 3590 με
1171 3505 1572 3592 περιστήωσῖ
1614 3507 1731 3573 ἕνα
1774 3511 2042 3573 πολλοί·
2254 3528 2307 3579 95
