2525 3884
325 192 421 257 64
838 264 845 269 ,
1141 192 1445 243 ΙΛΙΑΔΟΣ
1485 192 1548 242 ο.

332 333 502 420 ἀμφὶ
547 336 583 401 ἓ
623 338 986 419 παπτήνας·
1031 335 1160 400 ὑπὸ
1208 329 1284 399 δὲ
1336 337 1550 418 Τρῶες
1592 322 1950 397 κεκάδοντο
1995 326 2000 329 ’

329 439 575 527 ἀνδρὸς
611 441 1146 518 ἀκοντίσσαντος·
1185 440 1223 506 ὁ
1270 437 1336 505 δ’
1383 439 1502 523 οὐχ
1549 439 1740 504 ἅλιον
1786 435 1979 522 βέλος
2022 432 2216 521 ἧκεν,
2253 451 2366 502 575

330 544 474 612 ἀλλ’
516 543 878 624 Ἱκετάονος
920 548 1073 612 υἱὸν
1118 543 1512 631 ὑπέρθυμον
1556 544 1996 610 Μελάνιππον

331 655 728 737 νισσόμενον
771 653 1135 737 πολεμόνδε
1180 652 1341 735 βάλε
1386 655 1632 732 στῆθος
1675 650 1852 734 παρὰ
1895 651 2121 732 μαζόν.

334 758 668 841 δούπησεν
714 756 787 824 δὲ
831 760 1074 841 πεσών,
1120 757 1411 843 ἀράβησε
1459 753 1534 821 δὲ
1576 751 1786 840 τεύχε’
1840 749 1939 820 ἐπ’
1991 754 2197 842 αὐτῷ.

325 861 701 948 Ἀντίλοχος
747 859 809 929 δ’
860 865 1181 950 ἐπόρουσε
1224 865 1409 928 κύων
1456 863 1564 945 ὥς,
1612 863 1685 938 ὅς
1727 859 1785 926 τ’
1839 858 1944 926 ἐπὶ
1990 862 2215 947 νεβρῷ
2489 926 2490 931 ,

331 967 636 1057 βλημένῳ
682 969 853 1055 ἀΐξῃ,
897 974 1017 1035 τόν
1061 964 1120 1035 τ’
1173 968 1238 1048 ἐξ
1284 969 1530 1053 εὐνῆφι
1573 970 1870 1053 θορόντα
2247 979 2356 1030 580
2489 986 2490 1029 ᾗ

328 1076 634 1160 θηρητὴρ
683 1075 951 1160 ἐτύχησε
990 1076 1235 1159 βαλών,
1282 1074 1566 1139 ὑπέλυσε
1613 1070 1687 1139 δὲ
1732 1084 1912 1156 γυῖα·

332 1174 420 1256 ὦς
466 1178 572 1246 ἐπὶ
618 1184 747 1263 σοί,
793 1183 1206 1264 Μελάνιππε,
1251 1178 1407 1266 θόρ’
1453 1178 1825 1263 Ἀντίλοχος
1870 1178 2290 1263 μενεχάρμης

329 1288 562 1371 τεύχεα
608 1290 933 1370 συλήσων.
1009 1285 1151 1353 ἀλλ’
1205 1287 1289 1352 οὐ
1333 1287 1542 1352 λάθεν
1573 1284 1855 1371 ’Ἐκτορα
1902 1286 2071 1367 δῖον,

331 1393 405 1470 ὅς
448 1392 533 1478 ῥά
579 1394 650 1458 οἰ
691 1393 913 1471 ἀντίος
955 1389 1124 1477 ἦλθε
1167 1391 1354 1458 θέων
1398 1392 1526 1457 ἀνά
1572 1391 1901 1474 δηιοτῆτα.

323 1497 699 1585 Ἀντίλοχος
745 1497 806 1565 δ’
861 1500 944 1565 οὐ
989 1511 1193 1584 μεῖνε,
1239 1501 1409 1574 θοός
1451 1519 1574 1582 περ
1621 1496 1751 1562 ἐὼν
1796 1496 2212 1580 πολεμιστής,
2235 1511 2344 1561 685

329 1600 473 1670 ἀλλ’
525 1606 562 1670 ὅ
607 1600 670 1689 γ’
722 1605 827 1691 ἄρ’
882 1608 1102 1691 ἔτρεσε
1143 1603 1311 1690 θηρὶ
1356 1605 1560 1668 κακὸν
1606 1601 1867 1687 ῥέξαντι
1912 1601 2160 1684 ἐοικώς,

328 1709 403 1785 ὅς
446 1731 515 1773 τε
558 1710 731 1773 κύνα
774 1708 1117 1793 κτείναςῆ
1164 1711 1493 1792 βουκόλον
1539 1706 1708 1791 ἀμφὶ
1752 1711 2021 1792 βόεσσιν

329 1814 582 1899 φεύγει,
629 1818 787 1900 πρίν
833 1836 955 1900 περ
1003 1815 1236 1900 ὅμιλον
1283 1814 1805 1898 ἀολλισθήμεναι
1849 1813 2140 1899 ἀνδρῶν·
2481 1824 2491 1917 f

330 1916 419 1999 ὧς
464 1919 652 2007 τρέσε
698 1923 1130 2008 Νεστορίδης,
1180 1919 1283 1986 ἐπὶ
1331 1918 1406 1986 δὲ
1458 1917 1676 2007 Τρῶές
1718 1943 1788 1986 τε
1832 1917 1942 1984 καὶ
1977 1918 2230 2006 Ἕκτωρ

327 2028 452 2112 ἠχῇ
497 2031 818 2114 θεσπεσίῃ
866 2025 1060 2112 βέλεα
1105 2031 1463 2093 στονόεντα
1508 2022 1773 2111 χέοντο·
2230 2042 2336 2092 590

328 2142 448 2217 στῆ
496 2130 569 2198 δὲ
615 2138 1151 2220 μεταστρεφθείς,
1198 2133 1337 2199 ἐπεὶ
1383 2135 1557 2199 ἵκετο
1605 2136 1808 2209 ἔθνος
1853 2130 2145 2218 ἑταίρων.

425 2243 642 2324 Τρῶες
687 2236 761 2304 δὲ
806 2244 1102 2306 λείουσιν
1149 2239 1432 2317 ἐοικότες
1477 2239 1934 2324 ὠμοφάγοισιν

330 2343 572 2428 νηυσὶν
618 2345 1074 2429 ἐπεσσεύοντο,
1122 2349 1291 2424 Διὸς
1336 2341 1397 2412 δ’
1450 2344 1732 2411 ἐτέλειον
1781 2345 2079 2430 ἐφετμάς,

331 2450 368 2514 ὅ
415 2465 645 2532 σφισιν
693 2446 836 2515 αἰὲν
883 2454 1091 2537 ἔγειρε
1137 2452 1337 2536 μένος
1380 2450 1567 2536 μέγα,
1610 2449 1814 2534 θέλγε
1861 2447 1936 2515 δὲ
1977 2449 2199 2532 θυμὸν

323 2553 637 2641 Ἀργείων
681 2554 792 2621 καὶ
835 2558 1038 2633 κῦδος
1082 2557 1427 2641 ἀπαίνυτο,
1470 2560 1629 2634 τοὺς
1675 2555 1736 2622 δ’
1790 2556 2140 2641 ὀρόθυνεν.
2225 2571 2319 2621 595

314 2658 582 2746 ’Ἑκτορι
626 2661 751 2746 γάρ
798 2662 871 2726 οἱ
906 2663 1126 2746 θυμὸς
1172 2662 1482 2744 ἐβούλετο
1527 2663 1731 2738 κῦδος
1776 2661 1995 2747 ὀρέξαι
2053 2680 2060 2685 ·

331 2768 692 2853 Πριαμίδῃ,
740 2767 851 2832 ἵνα
896 2766 1096 2850 νηυσὶ
1140 2772 1460 2853 κορωνίσι
1505 2765 1862 2845 θεσπιδαὲς
1905 2777 2037 2854 πῦρ

332 2872 602 2956 ἐμβάλοι
649 2871 1003 2957 ἀκάματον,
1051 2872 1324 2950 Θέτιδος
1370 2869 1432 2938 δ’
1484 2873 1772 2952 ἐξαίσιον
1819 2874 1988 2959 ἀρὴν

329 2988 551 3044 πᾶσαν
598 2978 991 3064 ἐπικρήνειε·
1035 2981 1111 3044 τὸ
1156 2981 1284 3065 γὰρ
1331 2979 1487 3064 μένε
1532 2984 1800 3064 μητίετα
1847 2982 2033 3063 Ζεύς,

330 3087 491 3168 νηὸς
534 3085 888 3170 καιομένης
933 3083 1126 3162 σέλας
1173 3085 1627 3170 ὀφθαλμοῖσιν
1675 3084 1963 3151 ἰδέσθαι·
2221 3103 2312 3152 600

334 3189 406 3256 ἐκ
449 3192 575 3276 γὰρ
624 3192 705 3274 δὴ
751 3200 872 3256 τοῦ
918 3194 1143 3276 ἔμελλε
1187 3191 1508 3270 παλίωξιν
1554 3193 1730 3277 παρὰ
1774 3202 1960 3274 νηῶν

329 3297 696 3382 θησέμεναι
749 3299 1015 3383 Τρώων,
1061 3304 1392 3364 Δαναοῖσι
1438 3295 1512 3364 δὲ
1556 3300 1759 3375 κῦδος
1806 3296 2075 3383 ὀρέξειν.

332 3405 412 3470 τὰ
457 3403 768 3490 φρονέων
813 3406 1087 3488 νήεσσιν
1134 3407 1240 3469 ἔπι
1284 3409 1708 3490 γλαφυρῇσιν
1755 3407 2005 3490 ἔγειρεν

314 3507 596 3595 Ἕκτορα
643 3512 1046 3598 Πριαμίδην,
1094 3511 1268 3595 μάλα
1311 3532 1434 3597 περ
1480 3522 1785 3596 μεμαῶτα
1828 3508 1937 3576 καὶ
1984 3510 2195 3578 αὐτόν.
