2525 3884
1021 210 1322 261 ῙΛῙΑΛοΣ
1357 212 1556 261 xxm.
2156 202 2283 271 231
2333 260 2340 275 ,

287 350 481 431 ἑξετέ’
524 352 852 437 ἀδμήτην,
896 353 938 435 ἥ
983 349 1041 416 τ’
1086 351 1356 435 ἀλγίστη
1406 352 1857 436 δαμάσασθαι·
2187 366 2289 417 655

284 465 375 546 τῷ
424 454 488 522 δ’
531 458 657 539 ἄρα
702 454 1045 540 νικηθέντι
1090 461 1265 523 τίθει
1314 455 1513 534 δέπας
1559 456 2072 542 ἀμφικύπελλον.

285 572 406 647 στῆ
455 561 518 627 δ’
562 563 769 648 ὀρθὸς
813 561 922 628 καὶ
966 571 1193 648 μῦθον
1239 563 1313 629 ἐν
1365 559 1757 648 Ἀργείοισιν
1804 567 2041 629 ἔειπεν·

288 666 619 751 .,Ἀτρεΐδη
668 692 736 734 τε
780 666 890 733 καὶ
936 670 1124 734 ἄλλοι
1171 669 1557 753 ἐυκνήμιδες
1610 663 1885 754 Ἀχαιοί,

286 774 488 859 ἄνδρε
535 774 674 839 δύω
721 773 869 859 περὶ
911 777 1123 841 τῶνδε
1166 777 1549 860 κελεύομεν,
1589 776 1641 840 ὥ
1688 797 1808 860 περ
1855 775 2128 858 ἀρίστω,

283 877 410 957 πὺξ
456 876 607 963 μάλ’
651 878 1075 965 ἀνασχομένω
1121 882 1548 966 πεπληγέμεν.
1641 870 1692 969 ᾧ
1742 879 1820 946 δέ
1850 877 1911 945 κ’
1959 874 2290 944 Ἀπόλλων

286 985 424 1070 δώῃ
468 989 870 1070 καμμονίην,
915 987 1182 1069 γνώωσι
1229 984 1302 1052 δὲ
1345 988 1583 1065 πάντες
1631 985 1911 1071 Ἀχαιοί,
2186 1001 2287 1049 661

285 1090 568 1174 ἡμίονον
610 1093 975 1176 ταλαεργὸν
1019 1093 1201 1175 ἄγων
1244 1095 1585 1175 κλισίηνδε
1629 1092 1915 1159 νεέσθω·

286 1196 494 1280 αὐτὰρ
541 1196 578 1262 ὁ
621 1196 922 1282 νικηθεὶς
967 1196 1167 1275 δέπας
1212 1203 1461 1264 οἴσεται
1505 1197 2070 1283 ἀμφικύπελλον.“

373 1295 462 1378 ὥς
506 1298 719 1386 ἔφατ’,
768 1303 1022 1385 ὤρνυτο
1072 1296 1133 1367 δ’
1175 1299 1386 1367 αὐτίκ’
1430 1301 1596 1386 ἀνὴρ
1641 1302 1762 1385 ἠύς
1805 1325 1876 1367 τε
1921 1299 2119 1386 μέγας
2163 1323 2231 1365 τε

288 1407 479 1484 εἰδὼς
522 1411 918 1493 πυγμαχίης,
965 1408 1111 1484 υίὸς
1156 1412 1516 1492 Πανοπῆος
1552 1405 1832 1485 Ἐπειός·
2187 1421 2288 1470 665

285 1513 497 1589 ἅψατο
546 1511 608 1578 δ’
650 1513 932 1598 ἡμιόνου
975 1518 1344 1596 ταλαεργοῦ
1389 1511 1703 1597 φώνησέν
1748 1531 1844 1578 τε·

285 1612 541 1701 »ἆσσον
586 1625 730 1702 ἰτω,
779 1620 853 1696 ὃς
894 1642 993 1697 τις
1039 1617 1240 1696 δέπας
1284 1625 1531 1686 οἴσεται
1576 1618 2098 1705 ἀμφικύπελλον·

284 1724 568 1807 ἡμίονον
615 1720 677 1789 δ’
721 1725 803 1790 οὔ
851 1729 1026 1809 φημί
1063 1722 1189 1791 τιν’
1234 1723 1468 1810 ἀξέμεν
1514 1727 1718 1792 ἄλλον
1761 1721 2033 1810 Ἀχαιῶν

286 1837 508 1913 πυγμῇ
553 1827 920 1913 νικήσαντ’,
969 1827 1107 1895 ἐπεὶ
1153 1830 1428 1915 εὔχομαι
1475 1825 1646 1896 εἶναι
1691 1833 1972 1913 ἄριστος.

285 1930 327 2018 ἦ
378 1934 497 2018 οὐχ
542 1936 715 2018 ἅλις,
761 1936 900 2001 ὄττι
945 1935 1152 2019 μάχης
1198 1935 1607 2021 ἐπιδεύομαι;
1661 1932 1807 2002 οὐδ’
1852 1935 1978 2018 ἄρα
2024 1955 2162 2010 πως
2206 1930 2291 2016 ἡν

288 2041 362 2106 ἐν
406 2035 716 2106 πάντεσσ’
759 2044 1009 2125 ἔργοισι
1057 2042 1356 2126 δαήμονα
1404 2053 1589 2125 φῶτα
1637 2037 1971 2123 γενέσθαι.
2189 2055 2282 2104 671

288 2140 418 2228 ὦδε
462 2147 589 2231 γὰρ
637 2144 897 2229 ἐξερέω,
942 2146 1017 2211 τὸ
1066 2142 1139 2210 δὲ
1183 2144 1296 2212 καὶ
1339 2142 1800 2228 τετελεσμένον
1846 2146 2050 2208 ἔσται·

289 2251 597 2336 ἀντικρὺς
641 2254 806 2337 χρόα
850 2275 919 2318 τε
965 2250 1139 2335 ῥήξω
1187 2252 1315 2316 σύν
1360 2247 1417 2314 τ’
1460 2246 1636 2315 ὀστέ’
1680 2248 1919 2334 ἀράξω·

290 2359 643 2442 κηδεμόνες
689 2355 768 2423 δέ
808 2357 879 2422 οἰ
918 2350 1151 2423 ἐνθάδ’
1195 2352 1458 2431 ἀολλέες
1503 2349 1668 2420 αὖθι
1712 2357 2078 2438 μενόντων,

291 2465 361 2529 οἵ
399 2463 477 2529 κε’
517 2487 631 2547 μιν
678 2461 1047 2541 ἐξοίσουσιν
1093 2461 1249 2546 ἐμῇς
1294 2460 1423 2526 ὑπὸ
1468 2458 1652 2547 χερσὶ
1699 2458 2048 2544 δαμέντα.“
2190 2475 2291 2526 675

378 2564 467 2647 ὥς
512 2564 714 2652 ἔφαθ’
732 2615 751 2650 ,
808 2568 878 2632 oc
924 2564 984 2632 δ’
1036 2567 1164 2652 ἄρα
1209 2567 1447 2644 πάντες
1493 2566 1658 2650 ἀκὴν
1704 2564 2011 2648 ἐγένοντο
2059 2574 2289 2650 σιωπῇ.

297 2675 637 2761 Εὐρύαλος
683 2671 762 2738 δέ
801 2674 872 2738 οἰ
912 2668 1051 2748 οἷος
1095 2672 1433 2755 ἀνίστατο,
1484 2674 1749 2748 ἰσόθεος
1794 2671 1965 2755 φώς,

293 2785 675 2866 Μηκιστῆος
717 2780 861 2856 υἱὸς
913 2780 1351 2844 Ταλαϊονίδαο
1398 2779 1702 2859 ἄνακτος,

292 2886 365 2963 ὅς
407 2908 564 2951 ποτε
611 2879 904 2968 Θήβασδ’
946 2879 1113 2967 ἦλθε
1162 2881 1564 2961 δεδουπότος
1609 2883 1975 2948 Οἰδιπόδαο

292 2990 359 3068 ές
400 2992 640 3075 τάφον·
688 2993 858 3056 ἔνθα
905 2986 977 3054 δὲ
1022 2989 1271 3066 πάντας
1315 2989 1497 3056 ἐνίκα
1543 2990 1991 3073 Καδμεΐωνας.
2190 3004 2291 3053 680

290 3097 408 3161 τὸν
451 3093 573 3181 μὲν
626 3097 946 3178 Τυδεΐδης
993 3097 1422 3179 δουρικλυτὸς
1467 3094 1905 3179 ἀμφεπονεῖτο

289 3202 657 3285 θαρσύνων
703 3204 953 3283 ἔπεσιν,
1002 3197 1168 3285 μέγα
1215 3197 1277 3265 δ’
1321 3200 1495 3287 αὐτῷ
1545 3201 1817 3283 βούλετο
1864 3200 2074 3280 νίκην.

293 3309 469 3390 ζῶμα
516 3305 595 3372 δέ
638 3306 707 3370 οί
744 3315 1007 3390 πρῶτον
1051 3305 1592 3389 παρακάμβαλεν,
1640 3304 1843 3387 αὐτὰρ
1890 3306 2108 3368 ἔπειτα

293 3413 505 3478 δῶκεν
552 3412 822 3496 ἱμάντας
869 3411 1225 3496 έυτμήτους
1271 3411 1428 3494 βοὸς
1474 3410 1848 3493 ἀγραύλοιο.

291 3516 381 3581 τὼ
431 3513 503 3582 δὲ
553 3514 899 3597 ζωσαμένω
946 3519 1153 3599 βήτην
1199 3516 1263 3592 ἐς
1310 3513 1556 3600 μέσσον
1602 3512 1854 3595 ἀγῶνα,
2192 3523 2292 3571 685
