2525 3884
1038 203 1338 255 ῑΔΙΑΛοΣ
1374 204 1515 256 va
2184 199 2267 264 87

225 342 485 428 αὐτὰρ
529 346 739 410 ἔπειτα
782 347 944 429 μετὰ
996 350 1226 431 Τρῶας
1268 349 1368 410 κίε
1414 346 1627 429 μακρὰ
1671 345 2054 428 βιβάσθων,

226 449 778 535 Πουλυδάμαντ’
825 454 930 516 ἔπι
974 453 1378 535 Πανθοΐδην
1420 449 1529 516 καὶ
1568 447 1892 537 Ἀγήνορα
1939 452 2118 532 δῖον,
2166 464 2269 515 535

224 557 333 638 βῆ
397 551 479 620 δὲ
521 553 654 640 μετ’
697 557 975 621 Αἰνείαν
1020 580 1091 622 τε
1135 554 1247 621 καὶ
1276 554 1558 640 Ἕκτορα
1603 559 2154 642 χαλκοκορυστήν.

226 661 480 744 ἀγχοῦ
524 656 583 725 δ’
625 663 970 746 ἱστάμενος
1014 665 1170 727 ἔπεα
1214 664 1569 747 πτερόεντα
1613 662 1988 746 προσηύδα·

228 765 567 852 ,ζἘκτορ,
612 776 743 833 νῦν
789 769 870 852 δὴ
915 770 1131 853 πάγχυ
1176 767 1574 853 λελασμένος
1618 768 1711 845 εἲς
1756 768 2154 854 ἐπικούρων,

231 877 326 938 οἳ
377 872 582 938 σέθεν
628 873 843 938 εἵνεκα
885 879 1038 958 τῆλε
1084 878 1303 958 φίλων
1346 872 1455 939 καὶ
1499 875 1817 957 πατρίδος
1862 879 2008 956 αἴης

230 981 497 1062 θυμὸν
550 978 1133 1063 ἀποφθινύθουσι,
1191 981 1279 1043 σὺ
1324 977 1386 1044 δ’
1431 979 1552 1045 οὐκ
1598 979 1850 1056 ἐθέλεις
1893 978 2269 1062 ἐπαμύνειν.

233 1095 476 1149 κεῖται
517 1085 898 1170 Σαρπηδὼν
943 1088 1216 1150 Λυκίων
1259 1084 1419 1168 ἀγὸς
1461 1084 1870 1167 ἀσπιστάων,
2167 1099 2267 1148 541

239 1190 340 1266 ὃς
386 1192 647 1273 Λυκίην
692 1196 911 1275 εἴρυτο
960 1191 1189 1275 δίκῃσί
1224 1212 1295 1255 τε
1347 1188 1458 1255 καὶ
1504 1189 1737 1256 σθένει·
1768 1181 1847 1277 ᾧ·

240 1298 386 1361 τὸν
433 1293 495 1360 δ’
537 1295 666 1361 ὑπὸ
712 1297 1074 1382 Πατρόκλῳ
1123 1290 1361 1380 δάμασ’
1413 1298 1591 1379 ἔγχει·
1631 1296 1900 1381 χάλκεος
1923 1293 2144 1381 ”Αρης.

246 1401 470 1484 ἀλλά,
516 1405 729 1487 φίλοι,
774 1401 1128 1485 πάρστητε,
1175 1402 1626 1485 νεμεσσήθητε
1673 1397 1747 1466 δὲ
1790 1406 2019 1488 θυμῷ,

250 1508 355 1592 μὴ
401 1507 528 1572 ἀπὸ
571 1503 781 1592 τεύχε’
825 1505 1132 1589 ἕλωνται,
1180 1505 1559 1571 ἀεικίσσωσι
1605 1503 1678 1572 δὲ
1723 1507 1959 1592 νεκρὸν
2164 1523 2266 1572 545

253 1614 731 1697 Μυρμιδόνες,
776 1618 1068 1677 Δαναῶν
1111 1611 1583 1697 κεχολωμένοι,
1631 1612 1820 1677 ὅσσοι
1865 1613 2129 1695 ὄλοντο,

251 1721 423 1795 τοὺς
466 1717 572 1784 ἐπὶ
614 1716 813 1802 νηυσὶ
856 1725 1103 1803 θοῇσιν
1150 1715 1520 1803 ἐπέφνομεν
1562 1718 1953 1803 ἐγχείῃσιν.“

355 1819 447 1901 ὧς
490 1827 725 1909 ἔφατο,
779 1828 1006 1910 Τρῶας
1052 1820 1126 1889 δὲ
1168 1824 1333 1888 κατὰ
1376 1830 1629 1909 κρῆθεν
1674 1824 1831 1907 λάβε
1877 1822 2128 1899 πένθος

260 1933 575 2015 ἄσχετον,
624 1930 746 1995 οὐκ
790 1930 1146 2012 ἐπιεικτόν,
1194 1929 1341 1994 ἐπεί
1381 1947 1612 2014 σφισιν
1658 1928 1822 2014 ἕρμα
1866 1931 2112 2011 πόληος

258 2040 436 2119 ἔσκε,
471 2033 581 2101 καὶ
625 2034 997 2111 ἀλλοδαπός
1031 2056 1154 2120 περ
1193 2034 1349 2100 ἐών·
1393 2033 1623 2110 πολέες
1641 2035 1766 2117 γὰρ
1811 2028 1919 2116 ἅμ’
1955 2032 2130 2119 αὐτῷ
2164 2047 2266 2097 550

263 2139 420 2208 λαοὶ
466 2135 713 2223 ἕποντ’,
760 2141 834 2206 έν
880 2136 942 2205 δ’
986 2139 1185 2217 αὐτὸς
1227 2140 1644 2225 ἀριστεύεσκε
1690 2138 2033 2222 μάχεσθαι.

261 2250 398 2331 βὰν
443 2243 503 2311 δ’
548 2247 703 2322 ὐθὺς
745 2251 1038 2312 Δαναῶν
1082 2243 1484 2329 λελιημένοι·
1537 2239 1695 2329 ἦρχε
1743 2238 1802 2308 δ’
1844 2244 1972 2330 ἄρα
2016 2260 2180 2329 σφιν

251 2349 504 2437 Ἕκτωρ
549 2355 882 2436 χωόμενος
926 2352 1385 2436 Σαρπηδόνος.
1462 2349 1669 2434 αὐτὰρ
1706 2344 2006 2435 Ἀχαιοὺς

264 2457 442 2544 ὦρσε
486 2457 941 2522 Μενοιτιάδεω
988 2461 1417 2541 Πατροκλῆος
1461 2454 1694 2521 λάσιον
1738 2465 1889 2542 κῆρ·

266 2571 513 2631 Αἴαντε
556 2563 791 2649 πρώτω
836 2561 1166 2648 προσέφη,
1212 2572 1509 2646 μεμαῶτε
1550 2559 1661 2626 καὶ
1706 2561 1909 2627 αὐτώ·
2163 2577 2266 2628 555

262 2676 588 2755 ,,Λίἀντε,
633 2677 761 2733 νῦν
807 2678 1027 2751 σφῶιν
1070 2668 1444 2752 ἀμύνεσθαι
1491 2670 1693 2752 φίλον
1736 2669 1933 2750 ἔστω,

264 2770 408 2842 οἷοί
445 2796 569 2858 περ
612 2774 818 2861 πάρος
860 2769 974 2857 ἦτε
1018 2771 1154 2858 μετ’
1196 2773 1551 2860 ἀνδράσιν,
1596 2772 1638 2856 ἢ
1682 2771 1791 2837 καὶ
1835 2772 2117 2857 ἀρείους.

263 2893 476 2948 κεῖται
520 2879 720 2966 ἀνήρ,
769 2879 843 2956 ὃς
886 2889 1143 2965 πρῶτος
1188 2878 1465 2961 ἐσήλατο
1513 2887 1725 2962 τεῖχος
1761 2874 2066 2962 Ἀχαιῶν,

267 2986 673 3070 Σαρπηδών·
718 2980 865 3051 ἀλλ’
904 2989 971 3050 εἴ
1006 3008 1122 3069 μιν
1165 2977 1646 3067 ἀεικισσαίμεθ’
1689 2981 1976 3067 ἑλόντες,

209 3156 213 3160 ,
265 3091 499 3175 τεύχεά
541 3088 604 3156 τ’
649 3092 884 3176 ὤμοιιν
929 3090 1369 3175 ἀφελοίμεθα,
1415 3092 1534 3154 καί
1568 3085 1695 3154 τιν’
1751 3074 2026 3175 ἑταίρων
2162 3107 2269 3157 560

269 3198 476 3264 αὐτοῦ
523 3195 956 3282 ἀμυνομένων
1002 3197 1464 3280 δαμασαίμεθα
1507 3193 1693 3278 νηλέι
1737 3198 2020 3283 χαλκῷ.“

359 3297 447 3381 ὧς
490 3301 732 3389 ἔφαθ’,
780 3304 850 3368 οἰ
889 3298 963 3367 δὲ
1007 3300 1116 3366 καὶ
1162 3298 1352 3366 αὐτοὶ
1397 3299 1756 3379 ἀλέξασθαι
1802 3300 2169 3385 μενέαινον.

271 3409 343 3474 οἰ
382 3404 447 3473 δ’
491 3406 628 3474 ἐπεὶ
672 3407 1148 3493 ἀμφοτέρωθεν
1194 3407 1632 3492 ἐκαρτύναντο
1679 3406 2047 3490 φάλαγγας,

281 3518 499 3598 Τρῶες
540 3512 652 3579 καὶ
694 3514 935 3578 Λύκιοι
980 3510 1089 3576 καὶ
1133 3511 1566 3594 Μυρμιδόνες
1608 3506 1719 3572 καὶ
1756 3503 2029 3589 Ἀχαιοί,
