2525 3884
974 219 1281 270 ῙΑΙΑΔΟΣ
1316 220 1515 273 xxm.
2118 219 2249 285 225

229 358 400 425 ἀλλὰ
445 361 674 426 ἴδεσθε
718 358 830 426 καὶ
874 360 1083 445 ὔμμες
1128 360 1528 428 ἀνασταδόν·
1578 362 1660 428 οὐ
1705 364 1831 450 γὰρ
1878 362 2005 447 ἐγώ
2050 387 2127 448 γε

231 460 310 531 εὖ
356 466 847 549 διαγιγνώσκω·
895 465 1109 532 δοκέει
1155 465 1236 533 δέ
1276 489 1390 551 μοι
1434 469 1706 553 ἔμμεναι
1752 468 1920 553 ἀνὴρ
2143 485 2249 536 470

231 571 535 649 Αἰτωλὸς
576 575 845 656 γενεήν,
891 573 1052 656 μετὰ
1098 567 1162 637 δ’
1219 569 1617 659 Ἀργείοισιν
1661 573 1964 657 ἀνάσσει,

240 674 490 755 Τυδέος
535 677 910 762 ἱπποδάμου
953 678 1129 761 υἱός,
1175 680 1492 765 κρατερὸς
1532 682 1942 765 Διομήδης.“

319 783 441 848 τὸν
487 779 547 848 δ’
592 785 876 869 αἰσχρῶς
921 782 1219 850 ἐνένιπεν
1261 781 1516 868 Ὀιλῆος
1559 789 1759 871 ταχὺς
1801 792 1997 864 Αἴας·

234 884 639 973 ,,“Ἰδομενεῦ,
683 892 755 953 τί
792 889 1000 976 πάρος
1045 891 1425 976 λαβρεύεαι;
1473 892 1549 956 αἱ
1590 890 1669 958 δέ
1708 889 1765 956 τ’
1808 892 2099 958 ἄνευθεν

233 995 423 1059 ἵπποι
468 993 855 1079 ἀερσίποδες
896 994 1134 1074 πολέος
1179 997 1436 1063 πεδίοιο
1484 999 1751 1064 δίενται.
2144 1013 2247 1063 475

234 1100 390 1166 οὔτε
434 1101 756 1178 νεώτατός
800 1101 945 1166 ἐσσι
989 1096 1128 1186 μετ’
1188 1097 1541 1185 Ἀργείοισι
1582 1112 1937 1186 τοσοῦτον,

234 1205 390 1272 οὔτε
433 1228 538 1271 τοι
582 1204 898 1285 ὀξύτατον
942 1210 1233 1291 κεφαλῆς
1279 1206 1650 1290 ἐκδέρκεται
1694 1210 1876 1274 ὄσσε·

233 1306 381 1377 ἀλλ’
424 1308 552 1376 αίεὶ
596 1311 841 1395 μύθοις
885 1312 1262 1398 λαβρεύεαι·
1311 1309 1476 1378 οὐδέ
1515 1314 1585 1376 τί
1626 1329 1698 1379 σε
1743 1315 1866 1399 χρὴ

237 1419 689 1504 [λαβραγόρην
734 1420 982 1502 ἔμεναι·
1029 1417 1206 1503 πάρα
1248 1418 1378 1503 γάρ
1423 1415 1533 1482 καὶ
1579 1417 1922 1501 ἀμείνονες
1966 1419 2201 1501 ἄλλοί]

235 1523 424 1588 ἵπποι
470 1518 532 1588 δ’
577 1521 771 1588 αὐταὶ
815 1525 960 1589 ἔασι
1002 1525 1419 1609 παροίτεραι,
1466 1526 1542 1588 αἳ
1578 1523 1653 1588 τὸ
1699 1524 1907 1611 πάρος
1940 1544 2094 1609 περ,
2136 1540 2245 1591 480

235 1629 589 1715 Εὐμήλου,
631 1629 706 1695 ἐν
738 1625 812 1724 ’δ’
856 1629 1055 1707 αὐτὸς
1099 1632 1269 1714 ἔχων
1317 1630 1562 1716 εὔληρα
1607 1629 1948 1714 βέβηκεν.“

328 1736 447 1801 τὸν
493 1731 566 1801 δὲ
609 1736 1069 1820 χολωσάμενος
1112 1738 1398 1822 Κρητῶν
1448 1735 1607 1819 ἀγὸς
1652 1735 1882 1802 ἀντίον
1926 1738 2128 1821 ηὔδα·

237 1836 462 1925 ,,Αἶαν
503 1851 721 1918 νεῖκος
767 1842 1019 1926 ἄριστε,
1063 1839 1509 1928 κακοφραδές,
1556 1842 1723 1907 ἄλλα
1765 1864 1836 1907 τε
1879 1842 2094 1907 πάντα

239 1948 462 2013 δεύεαι
501 1943 841 2034 Ἀργείων,
890 1946 992 2012 ὅτι
1034 1969 1138 2012 τοι
1182 1950 1342 2023 νόος
1386 1945 1568 2013 ἐστὶν
1614 1946 1884 2030 ἀπηνής.

239 2054 441 2139 δεῦρό
484 2076 644 2135 νυν,
689 2052 731 2135 ἧ
775 2054 1088 2135 τρίποδος
1128 2053 1597 2137 περιδώμεθον
1638 2048 1715 2134 ἠὲ
1759 2051 2059 2137 λέβητος,
2143 2068 2247 2119 485

241 2165 473 2242 ἴστορα
520 2153 581 2223 δ’
625 2153 962 2244 Ἀτρεΐδην
1003 2153 1453 2243 Ἀγαμέμνονα
1496 2161 1775 2243 θείομεν
1819 2159 2048 2243 ἄμφω,

239 2264 596 2348 ὁππότεραι
638 2259 883 2348 πρόσθ’
925 2263 1142 2347 ἵπποι,
1187 2264 1303 2329 ἵνα
1339 2264 1558 2348 γνώῃς
1601 2262 1996 2330 ἀποτίνων.“

329 2365 419 2447 ὥς
463 2364 676 2455 ἔφατ’,
722 2371 980 2455 ὤρνυτο
1030 2364 1091 2434 δ’
1133 2365 1346 2434 αὐτίκ’
1383 2365 1634 2452 Ὀιλῆος
1677 2372 1877 2453 ταχὺς
1918 2375 2089 2448 Αἴας

241 2478 576 2561 χωόμενος
619 2480 1001 2560 χαλεποῖσιν
1047 2473 1458 2559 ἀμείψασθαι
1508 2473 1825 2540 ἐπέεσσιν.

242 2585 358 2648 καί
402 2582 490 2647 νύ
543 2604 617 2646 κε
662 2582 745 2665 δὴ
797 2578 1093 2667 προτέρω
1150 2577 1239 2645 ἔτ’
1294 2583 1431 2666 ἔρις
1482 2579 1692 2663 γένετ’
1742 2581 2245 2666 ἀμφοτέροισιν,

243 2689 307 2754 εί
345 2688 434 2772 μὴ
474 2682 801 2772 Ἀχιλλεὺς
845 2686 1041 2764 αὐτὸς
1085 2685 1393 2751 ἀνίστατο
1439 2684 1550 2751 καὶ
1595 2686 1765 2771 φάτο
1811 2693 2063 2772 μῦθον·
2144 2705 2244 2754 491

242 2792 513 2878 ,,μηκέτι
555 2800 685 2857 νῦν
727 2797 1108 2877 χαλεποῖσιν
1154 2791 1558 2876 ἀμείβεσθον
1604 2790 1933 2875 ἐπέεσσιν,

243 2894 418 2964 Αἶαν
457 2894 790 2983 Ἰδομενεῦ
833 2919 932 2979 τε,
978 2907 1231 2980 κακοῖς,
1280 2894 1420 2963 ἐπεὶ
1468 2893 1625 2963 οὐδὲ
1670 2898 1900 2962 ἔοικεν.

245 3000 354 3068 καὶ
399 2998 459 3068 δ’
502 3004 678 3092 ἄλλῳ
721 3011 1110 3087 νεμεσᾶτον,
1158 3004 1294 3080 ὅτις
1336 3001 1609 3068 τοιαῦτά
1653 3025 1729 3085 γε
1774 3002 1962 3088 ῥέζοι.

246 3104 388 3175 ἀλλ’
428 3108 615 3195 ὑμεῖς
659 3109 734 3176 έν
776 3108 985 3193 ἀγῶνι
1021 3110 1389 3193 καθήμενοι
1425 3107 1824 3194 εἰσοράασθε
2143 3127 2250 3178 495

246 3214 505 3292 ἵππους·
553 3215 625 3281 οἰ
664 3211 738 3280 δὲ
781 3209 920 3299 τάχ’
963 3212 1153 3279 αὐτοὶ
1198 3213 1609 3299 ἐπειγόμενοι
1654 3213 1804 3301 περὶ
1847 3219 2036 3299 νίκης

247 3314 475 3386 ἐνθάδ’
518 3320 924 3387 ἐλεύσονται·
970 3321 1115 3386 τότε
1161 3315 1234 3385 δὲ
1279 3320 1623 3404 γνώσεσθε
1665 3320 1933 3399 ἕκαστος

247 3426 481 3503 ἵππους
519 3423 861 3512 Ἀργείων,
907 3428 977 3490 οἳ
1018 3426 1314 3511 δεύτεροι
1360 3426 1432 3490 οἵ
1468 3447 1539 3489 τε
1589 3426 1979 3511 πάροιθεν.“

332 3528 421 3608 ὧς
473 3531 674 3616 φάτο,
736 3531 1057 3615 Τυδεΐδης
1113 3528 1186 3596 δὲ
1239 3530 1410 3615 μάλα
1462 3530 1703 3614 σχεδὸν
1744 3525 1913 3611 ἦλθε
1960 3527 2249 3592 διώκων·

350 3643 550 3684 Eoum
576 3644 728 3685 Imm.
769 3645 831 3685 Π.
1863 3635 1927 3683 15
