2525 3884
241 156 368 221 164
1034 158 1336 210 ΙΛΙΑΔΟΣ
1372 157 1439 212 Τ.

234 301 439 384 ἄκρον
485 297 585 367 ἐπ’
638 299 1016 386 ἀνθερίκων
1059 301 1316 386 καρπὸν
1358 297 1527 366 θέον
1574 296 1732 365 οὐδὲ
1774 298 2133 365 κατέκλων·

234 401 377 473 ἀλλ’
427 406 534 472 ὅτε
580 407 661 490 δὴ
708 413 1027 495 σκιρτῷεν
1071 403 1171 473 ἐπ’
1224 404 1422 491 εὐρέα
1465 416 1643 472 νῶτα
1685 406 2056 489 θαλάσσης,

234 515 440 599 ἄκρον
485 509 590 578 ἐπὶ
635 511 923 598 ῥηγμῖνα
968 511 1127 589 ἁλὸς
1169 518 1432 578 πολιοῖο
1475 511 1778 578 θέεσκον.

241 624 434 704 Τρῶα
480 615 541 683 δ’
587 615 1002 717 Ἐριχθόνιος
1042 617 1261 684 τέκετο
1316 618 1653 705 Τρώεσσιν
1697 620 1969 684 ἄνακτα·
2140 634 2249 684 230

242 724 468 810 Τρωὸς
513 720 573 788 δ’
627 718 714 788 αὖ
756 734 931 808 τρεῖς
973 725 1202 801 παῖδες
1246 723 1579 809 ἀμύμονες
1624 722 2029 808 ἐξεγένοντο,

227 822 408 908 Ἶλός
451 826 509 895 τ’
553 822 953 914 Ἀσσάρακός
995 852 1065 895 τε
1109 826 1221 895 καὶ
1268 828 1576 907 ἀντίθεος
1620 831 2048 915 Γανυμήδης,

234 936 310 1015 ὃς
355 938 437 1020 δὴ
482 937 829 1012 κάλλιστος
871 933 1099 1019 γένετο
1143 941 1419 1020 θνητῶν
1463 934 1844 1023 ἀνθρώπων
1861 956 1875 971 ·

234 1044 354 1109 τὸν
396 1039 507 1107 καὶ
552 1040 995 1125 ἀνηρείψαντο
1040 1040 1194 1108 θεοὶ
1237 1040 1359 1106 Διὶ
1405 1043 1812 1128 οἰνοχοεύειν

236 1150 509 1225 κάλλεος
552 1147 770 1213 εἵνεκα
816 1139 952 1232 οἷο,
996 1142 1085 1212 ἵν’
1135 1146 1530 1214 ἀθανάτοισι
1575 1152 1825 1234 μετείη.
2145 1165 2252 1215 235

229 1248 395 1333 Ἰλος
440 1250 501 1319 δ’
553 1248 640 1318 αὖ
682 1248 900 1319 τέκεθ’
947 1254 1101 1319 υἱὸν
1137 1253 1444 1339 ἀμύμονα
1487 1253 1948 1341 Λαομέδοντα,

238 1360 608 1446 Λαομέδων
653 1354 716 1425 δ’
768 1362 895 1446 ἄρα
948 1361 1259 1457 Τέθωνὸν
1302 1359 1522 1427 τέκετο
1568 1363 1879 1448 Πρίαμόν
1923 1385 1993 1427 τε

241 1469 526 1553 Λάμπον
567 1490 640 1534 τε
683 1469 978 1533 Κλυτίον
1021 1461 1097 1530 θ’
1137 1463 1482 1532 Ἱκετάονά
1523 1464 1583 1532 τ’
1636 1468 1788 1547 ὄζον
1813 1466 2074 1554 Ἄρηος.

234 1571 633 1661 Ἀσσάρακος
678 1571 753 1639 δὲ
797 1574 1070 1656 Κάπυν,
1117 1572 1153 1637 ὁ
1200 1571 1262 1638 δ’
1316 1570 1423 1655 ἄρ’
1469 1569 1777 1658 Ἀγχίσην
1821 1572 1964 1640 τέκε
2017 1575 2253 1640 παῖδα·

244 1682 451 1767 αὐτὰρ
488 1676 586 1764 ἔμ’
615 1676 944 1764 Ἀγχίσης,
981 1681 1286 1763 Πρίαμος
1333 1675 1395 1744 δ’
1439 1678 1604 1764 ἔτεχ’
1632 1678 1911 1764 Ἕκτορα
1949 1681 2117 1746 δῖον.
2147 1696 2254 1747 240

242 1788 483 1870 ταύτης
523 1807 629 1850 τοι
672 1793 903 1869 γενεῆς
944 1807 1013 1849 τε
1056 1782 1166 1849 καὶ
1212 1785 1482 1870 αἵματος
1526 1786 1800 1871 εὔχομαι
1844 1781 2032 1851 εἶναι.

246 1895 413 1971 Ζεὺς
457 1886 522 1958 δ’
573 1890 811 1978 ἀρετὴν
857 1891 1215 1976 ἄνδρεσσιν
1262 1890 1528 1976 ὀφέλλει
1572 1915 1642 1957 τε
1685 1892 1958 1977 μινύθει
2003 1916 2102 1976 τε,

245 2001 468 2077 ὅππως
510 2021 626 2063 κεν
673 1994 1011 2083 ἐθέλῃσιν·
1058 1995 1095 2062 ὁ
1138 1997 1266 2083 γὰρ
1311 1998 1656 2083 κάρτιστος
1700 1996 2028 2064 ἁπάντων.

247 2100 388 2172 ἀλλ’
440 2107 556 2189 ἄγε
602 2102 827 2189 μηκέτι
869 2111 1075 2169 ταῦτα
1121 2104 1468 2188 λεγώμεθα
1511 2104 1819 2188 νηπύτιοι
1864 2105 1981 2188 ὥς,

248 2205 502 2278 ἑστεῶτ’
553 2210 625 2276 έν
670 2210 878 2296 μέσσῃ
923 2210 1170 2296 ὑσμίνῃ
1219 2210 1578 2294 δηιοτῆτος.
2151 2228 2255 2276 245

248 2321 386 2384 ἔστι
429 2317 554 2401 γὰρ
601 2314 1075 2401 ἀμφοτέροισιν
1121 2315 1381 2382 ὀνείδεα
1427 2319 1867 2401 μυθήσασθαι

247 2424 459 2490 πολλὰ
502 2417 675 2507 μάλ’·
721 2417 868 2487 οὐδ’
919 2421 1001 2487 ἂν
1046 2430 1212 2506 νηῦς
1257 2420 1643 2507 ἑκατόζυγος
1688 2425 1899 2509 ἄχθος
1943 2424 2199 2509 ἄροιτο·

248 2529 530 2616 στρεπτὴ
577 2524 652 2594 δὲ
695 2525 939 2611 γλῶσσ’
1000 2525 1137 2594 ἐστὶ
1184 2532 1472 2613 βροτῶν,
1517 2529 1747 2607 πολέες
1792 2524 1856 2594 δ’
1906 2531 2005 2594 ἔνι
2049 2535 2257 2613 μῦθοι

250 2645 584 2718 παντοῖοι,
631 2632 842 2699 ἐπέων
889 2629 963 2698 δὲ
1006 2636 1215 2711 πολὺς
1258 2637 1462 2720 νομὸς
1507 2638 1677 2701 ἔνθα
1719 2633 1830 2702 καὶ
1875 2637 2061 2701 ἔνθα.

251 2743 532 2810 ὁπποῖόν
575 2735 636 2806 κ’
688 2744 974 2825 εἴπῃσθα
1019 2740 1202 2823 ἔπος,
1246 2744 1432 2807 τοῖόν
1468 2738 1528 2806 κ’
1581 2741 1990 2818 ἐπακούσαις.
2158 2757 2258 2805 260

251 2848 416 2914 ἀλλά
459 2849 528 2912 τί
564 2841 607 2930 ἦ
653 2845 876 2931 ἔριδας
917 2841 1029 2910 καὶ
1072 2848 1292 2910 νείκεα
1334 2856 1501 2912 νῶιν
1545 2847 1794 2931 ἀνάγκη

253 2964 497 3021 νεικεῖν
543 2951 927 3034 ἀλλήλοισιν
972 2951 1299 3034 ἐναντίον,
1347 2952 1436 3029 ὥς
1478 2975 1548 3017 τε
1591 2962 1935 3037 γυναῖκας,

259 3061 335 3126 αἵ
370 3082 441 3125 τε
486 3058 937 3144 χολωσάμεναι
985 3058 1203 3145 ἔριδος
1246 3054 1396 3142 πέρι
1438 3061 1851 3144 θυμοβόροιο

257 3162 544 3232 νεικεῦσ’
597 3165 913 3250 ἀλλήλῃσι
958 3162 1164 3249 μέσην
1211 3164 1277 3241 ές
1322 3166 1563 3248 ἄγυιαν
1610 3166 1858 3248 ἰοῦσαι,

259 3272 470 3339 πολλά
504 3266 563 3336 τ’
598 3270 789 3337 ἐόντα
814 3268 923 3336 καὶ
953 3263 1129 3335 οὐκί·
1167 3273 1363 3356 χόλος
1398 3267 1479 3335 δέ
1507 3292 1578 3336 τε
1613 3268 1829 3335 καὶτὰ
1853 3270 2121 3337 κελεύει.
2160 3287 2260 3337 255

259 3378 460 3463 ἀλκῆς
509 3374 571 3443 δ’
624 3376 707 3442 οὔ
752 3369 824 3460 μ’
875 3373 1174 3440 ἐπέεσσιν
1217 3373 1604 3461 ἀποτρέψεις
1646 3386 1950 3460 μεμαῶτα

259 3483 419 3570 πρὶν
464 3489 678 3572 χαλκῷ
726 3479 1135 3567 μαχέσασθαι
1185 3481 1517 3547 ἐναντίον·
1563 3478 1704 3547 ἀλλ’
1756 3483 1874 3566 ἄγε
1916 3489 2179 3550 θᾶσσον
