2525 3884
995 204 1298 256 ῙΔῙΑΔΟΣ
1334 206 1448 257 XV.
2127 204 2211 268 61

193 341 566 429 [ἴππουριν,
615 347 839 412 δεινὸν
887 342 961 410 δὲ
1006 348 1213 430 λόφος
1257 348 1688 434 καθύπερθεν
1738 351 1968 414 ἔνευεν
1981 352 2020 431 ·]

187 449 415 515 εἵλετο
457 445 516 516 δ’
565 453 843 537 ἄλκιμον
890 455 1099 537 ἔγχος,
1146 450 1518 537 ἀκαχμένον
1565 452 1699 531 ὀξέι
1743 460 1981 542 χαλκῷ,

182 558 287 638 βῆ
337 550 391 619 δ’
437 555 626 641 ἰέναι,
673 559 846 642 μάλα
892 554 958 623 δ’
1013 554 1150 624 ὦκα
1192 556 1379 624 θέων
1424 563 1665 624 Αἴαντι
1708 558 2014 645 παρέστη.

272 659 522 750 Ἕκτωρ
573 661 639 728 δ’
693 665 781 740 ὡς
825 658 1003 730 εἶδεν
1054 666 1351 748 Τεύκρου
1396 662 1786 747 βλαφθέντα
1832 663 2134 750 βέλεμνα,

191 771 431 853 Τρωσί
466 792 536 835 τε
581 769 692 836 καὶ
736 773 1087 836 Λυκίοισιν
1135 769 1431 836 ἐκέκλετο
1478 771 1733 858 μακρὸν
1779 770 2010 848 ἀύσας·
2102 787 2208 837 485

181 877 468 957 »Τρῶες
511 873 623 940 καὶ
668 876 907 942 Λύκιοι
953 875 1063 941 καὶ
1107 877 1460 961 Δάρδανοι
1503 875 1957 961 ἀγχιμαχηταί,

182 978 428 1065 ἀνέρες
471 983 636 1063 ἔστε,
683 984 892 1065 φίλοι,
939 984 1285 1066 μνήσασθε
1333 978 1406 1046 ’δὲ
1450 982 1777 1067 θούριδος
1821 982 2021 1066 ἀλκῆς

177 1094 362 1168 νῆας
403 1084 530 1151 ἀνὰ
571 1088 944 1173 γλαφυράς·
991 1088 1075 1171 δὴ
1121 1089 1249 1171 γὰρ
1299 1088 1449 1152 ἴδον
1495 1087 1948 1172 ὀφθαλμοῖσιν

181 1190 442 1278 ἀνδρὸς
486 1191 795 1276 ἀριστῆος
836 1195 1099 1259 Διόθεν
1145 1192 1535 1278 βλαφθέντα
1581 1191 1880 1277 βέλεμνα.

180 1295 342 1380 ῥεῖα
387 1293 450 1362 δ’
505 1296 868 1382 ἀρίγνωτος
911 1300 1078 1375 Διὸς
1123 1298 1407 1383 ἀνδράσι
1451 1302 1747 1382 γίγνεται
1792 1299 1975 1383 ἀλκή,
2097 1316 2202 1365 490

179 1400 360 1487 ἠμὲν
405 1403 693 1469 ὁτέοισιν
737 1405 939 1482 κῦδος
983 1403 1346 1490 ὑπέρτερον
1393 1403 1765 1490 ἐγγυαλίξῃ,

176 1504 302 1591 ἠδ’
354 1510 575 1587 ὅτινας
620 1512 872 1597 μινύθῃ
918 1534 988 1576 τε
1032 1510 1142 1576 καὶ
1188 1511 1313 1577 οὐκ
1359 1510 1674 1596 ἐθέλῃσιν
1719 1511 2019 1595 ἀμύνειν,

180 1615 281 1692 ὡς
331 1625 456 1681 νῦν
496 1613 809 1702 Ἀργείων
856 1619 1127 1702 μινύθει
1171 1617 1389 1701 μένος,
1436 1619 1599 1703 ἄμμι
1647 1615 1713 1682 δ’
1764 1617 2010 1702 ἀρήγει.

172 1721 363 1786 ἀλλὰ
405 1718 686 1807 μάχεσθ’
737 1722 841 1789 ἐπὶ
885 1722 1131 1807 νηυσὶν
1175 1723 1465 1801 ἀολλέες·
1514 1724 1588 1801 ὃς
1632 1724 1712 1790 δέ
1750 1748 1865 1789 κεν
1908 1723 2133 1807 ῧμεων

180 1830 522 1912 βλήμενος
567 1825 642 1912 ἠὲ
688 1827 912 1907 τυπεὶς
957 1831 1256 1895 θάνατον
1300 1828 1409 1895 καὶ
1455 1834 1708 1915 πότμον
1755 1830 2016 1914 ἐπίσπῃ,
2104 1843 2207 1892 495

175 1937 521 2000 τεθνάτω·
572 1936 655 2000 οὔ
701 1938 773 2002 οἱ
811 1932 1021 2013 ἀεικὲς
1065 1935 1459 2025 ἀμυνομένῳ
1505 1936 1656 2021 περὶ
1701 1938 1950 2019 πάτρης

178 2043 547 2125 τεθνάμεν·
595 2040 740 2107 ἀλλ’
793 2043 1031 2126 ἄλοχός
1073 2065 1143 2106 τε
1190 2046 1313 2126 σόη
1360 2041 1469 2107 καὶ
1519 2043 1749 2117 παῖδες
1794 2040 2069 2121 ὀπίσσω,

183 2144 301 2211 καὶ
349 2139 530 2222 οἶκος
572 2143 682 2210 καὶ
725 2151 966 2233 κλῆρος
1011 2144 1355 2232 ἀκήρατος,
1402 2151 1469 2209 εἴ
1502 2168 1620 2209 κεν
1659 2142 1906 2228 Ἀχαιοὶ

184 2256 503 2336 οἴχωνται
548 2253 677 2316 σὺν
719 2249 920 2334 νηυσὶ
966 2254 1172 2334 φίλην
1218 2250 1286 2326 ἐς
1328 2250 1612 2333 πατρίδα
1655 2251 1918 2332 γαταν.“

282 2353 375 2434 ὥς
419 2357 621 2422 εἰπὼν
667 2359 920 2442 ὤτρυνε
965 2355 1164 2441 μένος
1207 2354 1318 2421 καὶ
1361 2355 1588 2439 θυμὸν
1635 2352 1928 2420 ἑκάστου.
2098 2374 2204 2424 600

188 2467 365 2539 Αἴας
410 2460 474 2528 δ’
530 2458 688 2528 αὖθ’
741 2459 1069 2547 ἑτέρωθεν
1115 2460 1410 2527 ἐκέκλετο
1458 2452 1559 2537 οἷς
1603 2457 1963 2545 ἑτάροισιν·

190 2568 462 2651 ,,αίδώς,
502 2561 813 2651 Ἀργεῖοι·
859 2577 987 2633 νῦν
1032 2569 1265 2653 ἄρκιον
1309 2567 1351 2652 ἢ
1399 2564 1765 2632 ἀπολέσθαι

188 2671 268 2757 ἠὲ
315 2680 665 2759 σαωθῆναι
707 2672 818 2739 καὶ
863 2674 1258 2739 ἀπώσασθαι
1302 2674 1471 2739 κακὰ
1514 2683 1715 2756 νηῶν.

191 2772 234 2860 ἦ
283 2773 578 2862 ἔλπεσθ’,
621 2778 708 2862 ἣν
750 2786 916 2862 νῆας
960 2777 1074 2863 ἕλῃ
1120 2782 1572 2863 κορυθαίολος
1600 2775 1875 2862 Ἕκτωρ,

192 2884 489 2969 ἐμβαδὸν
535 2883 792 2962 ἵξεσθαι
834 2883 921 2966 ἢν
965 2884 1249 2970 πατρίδα
1295 2895 1493 2968 γαῖαν
1539 2881 1838 2962 ἕκαστος;
2100 2903 2202 2951 505

192 2984 235 3073 ἦ
283 2990 409 3057 οὐκ
453 2989 849 3074 ὀτρύνοντος
894 2989 1161 3055 ἀκούετε
1208 2992 1373 3055 λαὸν
1418 2990 1679 3054 ἅπαντα

179 3093 513 3181 Ἕκτορος,
561 3094 636 3171 ὃς
682 3095 763 3177 δὴ
809 3102 972 3177 νῆας
1017 3093 1362 3179 ἐνιπρῆσαι
1407 3081 1764 3179 μενεαίνεις

198 3202 280 3267 οὐ
323 3205 455 3288 μὰν
501 3204 568 3278 ἐς
610 3224 686 3283 γε
729 3201 932 3287 χορὸν
977 3198 1184 3265 κέλετ’
1237 3199 1538 3285 ἐλθέμεν,
1586 3200 1752 3267 ἀλλὰ
1796 3201 2139 3285 μάχεσθαι.

198 3307 354 3392 ἡμῖν
397 3304 461 3375 δ’
513 3308 595 3374 οὕ
638 3330 738 3382 τις
780 3307 976 3371 τοῦδε
1022 3309 1178 3383 νόος
1220 3304 1332 3372 καὶ
1376 3315 1564 3390 μῆτις
1608 3306 1918 3390 ἀμείνων,

199 3412 240 3498 ἣ
284 3414 675 3503 αὐτοσχεδίῃ
722 3410 899 3496 μῖξαι
944 3415 1163 3497 χεῖράς
1208 3436 1277 3476 τε
1324 3411 1522 3496 μένος
1563 3435 1653 3475 τε.
2096 3426 2198 3475 510

203 3519 508 3607 βέλτερον
553 3518 594 3602 ἢ
641 3516 1009 3581 ἀπολέσθαι
1052 3516 1171 3584 ἕνα
1217 3519 1462 3600 χρόνον
1506 3512 1582 3596 ἠὲ
1628 3517 1889 3595 βιῶναι,
