2525 3884
277 196 406 262 222
1075 197 1379 249 ΙΑῙΑΔοΣ
1414 197 1489 248 Ψ.

279 342 351 407 αἱ
396 341 818 427 Φηρητιάδαο
864 339 1192 416 ποδώκεες
1238 342 1521 423 ἔκφερον
1567 338 1770 405 ἵπποι.
2178 353 2296 403 376

275 447 390 524 τὰς
436 443 511 513 δὲ
555 441 693 532 μετ’
735 444 1048 532 ἐξέφερον
1090 446 1468 530 Διομήδεος
1513 446 1785 531 ἄρσενες
1834 443 2020 509 ἵπποι

284 554 558 637 Τρώιοι,
597 550 761 619 οὐδέ
790 575 854 617 τι
890 552 1138 618 πολλὸν
1175 550 1409 617 ἄνευθ’
1444 553 1633 634 ἔσαν,
1671 550 1837 617 ἀλλὰ
1872 548 2020 634 μάλ’
2060 549 2294 634 ἐγγύς·

276 657 405 726 αἰεὶ
447 661 576 746 γὰρ
624 661 871 745 δίφρου
918 655 1495 742 ἐπιβησομένοισιν
1542 657 1791 741 ἐίκτην,

274 775 474 851 πνοιῇ
521 761 584 832 δ’
623 766 963 851 Εὐμήλοιο
1011 765 1426 850 μετάφρενον
1474 761 1658 849 εὐρέε
1702 759 1759 829 τ’
1806 764 1961 848 ὤμω
2177 778 2295 829 380

275 867 542 958 θέρμετ’
559 892 575 909 ·
631 869 729 938 ἐπ’
773 870 948 956 αὐτῷ
1002 871 1130 954 γὰρ
1184 870 1475 954 κεφαλὰς
1527 869 1889 936 καταθέντε
1933 867 2292 954 πετέσθην.

274 982 393 1044 καί
429 979 516 1044 νύ
559 1001 674 1044 κεν
718 977 759 1062 ἢ
805 971 1161 1063 παρέλασσ’
1204 975 1246 1060 ἢ
1293 975 1712 1062 ἀμφήριστον
1758 978 2027 1060 ἔθηκεν,

276 1086 339 1149 εἰ
380 1085 468 1167 μὴ
522 1081 769 1159 Τυδέος
813 1073 911 1147 υἷι
954 1079 1309 1148 κοτέσσατο
1363 1085 1610 1167 Φοῖβος
1660 1078 2028 1165 Ἀπόλλων,

277 1191 350 1267 ὅς
393 1188 479 1276 ῥά
525 1190 596 1254 οἱ
635 1188 708 1254 ἐκ
748 1198 986 1274 χειρῶν
1033 1190 1268 1271 ἔβαλεν
1313 1187 1595 1273 μάστιγα
1641 1189 1941 1272 φαεινήν.

276 1305 416 1361 τοῖο
465 1288 526 1359 δ’
570 1288 679 1360 ἀπ’
721 1293 1096 1378 ὀφθαλμῶν
1143 1294 1306 1378 χύτο
1354 1292 1611 1375 δάκρυα
1657 1292 2054 1377 χωομένοιο,
2182 1310 2293 1360 385

278 1402 519 1469 οὕνεκα
561 1401 677 1477 τὰς
720 1396 843 1485 μὲν
889 1400 1013 1485 ὅρα
1058 1401 1153 1465 ἔτι
1196 1397 1309 1465 καὶ
1351 1401 1525 1464 πολὺ
1569 1402 1822 1483 μᾶλλον
1870 1399 2127 1482 ἰούσας,

277 1510 349 1574 οἱ
388 1506 469 1574 δέ
509 1508 579 1573 οἱ
620 1507 1055 1590 ἐβλάφθησαν
1101 1507 1263 1573 ἄνευ
1308 1504 1609 1592 κέντροιο
1655 1504 1944 1582 θέοντες.

279 1611 424 1680 οὐδ’
468 1610 573 1699 ἄρ’
620 1610 988 1696 Ἀθηναίην
1033 1611 1522 1698 ἐλεφηράμενος
1567 1609 1720 1678 λάθ’
1768 1607 2102 1678 Ἀπόλλων

285 1720 642 1801 Τυδεΐδην,
688 1719 862 1804 μάλα
910 1714 971 1782 δ’
1015 1713 1151 1783 ὦκα
1197 1717 1553 1802 μετέσσυτο
1598 1716 1879 1802 ποιμένα
1926 1722 2134 1802 λαῶν,

279 1827 449 1892 δῶκε
496 1823 574 1891 δέ
615 1824 686 1891 οἱ
724 1824 1034 1908 μάστιγα,
1082 1822 1281 1908 μένος
1327 1821 1389 1889 δ’
1433 1824 1732 1890 ἵπποισιν
1777 1823 2028 1908 ἐνῆκεν.
2183 1842 2290 1892 390

276 1931 318 2016 ἡ
367 1927 441 1998 δὲ
486 1928 623 2016 μετ’
671 1926 993 2014 Ἀδμήτου
1038 1931 1191 1997 υἱὸν
1235 1928 1557 1997 κοτέουσα
1603 1932 1936 2014 βεβήκειν·

278 2039 542 2105 ἵππειον
589 2036 667 2104 δέ
709 2038 780 2104 οἰ
817 2032 930 2121 ἦξε
973 2037 1103 2102 θεὰ
1151 2038 1371 2119 ζυγόν·
1418 2037 1494 2103 αἱ
1535 2034 1615 2103 δέ
1655 2036 1725 2102 οἱ
1765 2036 1954 2102 ἵπποι

278 2141 482 2230 ἀμφὶς
528 2143 694 2210 ὁδοῦ
741 2142 1099 2229 δραμέτην,
1145 2142 1353 2228 ῥυμὸς
1398 2137 1458 2208 δ’
1504 2141 1610 2209 ἐπὶ
1652 2154 1851 2227 γαῖαν
1897 2142 2170 2227 ἐλύσθη.

278 2251 475 2328 αὐτὸς
520 2247 582 2316 δ’
616 2249 688 2318 ἐκ
735 2250 1003 2335 δίφροιο
1047 2251 1225 2336 παρὰ
1265 2250 1509 2336 τροχὸν
1552 2247 1970 2332 ἐξεκυλίσθη,

280 2356 578 2441 ἀγκῶνάς
620 2379 691 2422 τε
735 2356 1162 2443 περιδρύφθη
1211 2358 1420 2440 στόμα
1463 2378 1533 2421 τε
1579 2354 1769 2442 ῥῖνάς
1814 2378 1914 2439 τε,
2184 2372 2290 2421 395

277 2465 627 2549 θρυλίχθη.
665 2457 740 2528 δὲ
784 2460 1085 2547 μέτωπον
1132 2459 1231 2528 ἐπ’
1268 2461 1544 2547 ὀφρύσι·
1587 2462 1679 2527 τὼ
1723 2460 1803 2528 δέ
1844 2463 1914 2526 οἱ
1953 2463 2110 2527 ὄσσε

281 2569 653 2653 δακρυόφιν
698 2571 1027 2651 πλῆσθεν,
1073 2569 1329 2652 θαλερὴ
1378 2566 1459 2634 δέ
1499 2568 1570 2633 οἰ
1609 2570 1830 2653 ἔσχετο
1877 2571 2088 2654 φωνή.
2122 2645 2130 2653 ¹

287 2674 608 2756 Τυδεΐδης
654 2668 729 2738 δὲ
771 2672 1190 2759 παρατρέψας
1236 2677 1342 2759 ἔχε
1386 2675 1694 2759 μώνυχας
1737 2675 2006 2758 ἵππους,

278 2780 529 2845 πολλὸν
574 2789 707 2845 τῶν
754 2779 974 2845 ἄλλων
1018 2779 1394 2864 ἐξάλμενος’
1441 2780 1515 2848 ἐν
1560 2781 1684 2867 γὰρ
1737 2777 1987 2864 Ἀθήνη

281 2884 515 2963 ἵπποις
546 2880 663 2969 ἧκε
707 2884 906 2971 μένος
947 2883 1058 2951 καὶ
1103 2879 1203 2952 ἐπ’
1244 2886 1423 2975 αὐτῷ
1468 2888 1671 2964 κῦδος
1716 2890 1976 2970 ἔθηκεν.
2186 2903 2292 2953 400

278 2996 370 3077 τῷ
418 2984 480 3056 δ’
522 2985 628 3077 ἄρ’
670 2985 771 3058 ἐπ’
827 2988 1160 3078 Ἀτρεΐδης
1204 2987 1337 3077 εἶχε
1383 2991 1629 3071 ξανθὸς
1670 2994 2032 3070 Μενέλαος.

287 3093 658 3181 Ἀντίλοχος
704 3094 765 3162 δ’
810 3098 1111 3164 ἵπποισιν
1158 3096 1452 3165 ἐκέκλετο
1497 3100 1743 3186 πατρὸς
1788 3098 1953 3165 ἑοῖο·

280 3204 611 3287 ,,ἐ’μβητον
656 3201 766 3270 καὶ
809 3213 1014 3288 σφῶι·
1059 3207 1426 3270 τιταίνετον
1472 3205 1609 3272 ὄττι
1654 3204 1943 3289 τάχιστα.

280 3304 322 3392 ἦ
367 3331 474 3374 τοι
517 3305 639 3393 μὲν
683 3311 1003 3376 κείνοισιν
1051 3309 1339 3398 ἐριζέμεν
1387 3311 1469 3376 οὔ
1511 3332 1576 3375 τι
1620 3310 1896 3394 κελεύω,

288 3415 618 3480 Τυδεΐδεω
665 3415 922 3481 ἵπποισι
970 3416 1368 3502 δαΐφρονος,
1416 3408 1592 3482 οἶσιν
1644 3412 1891 3501 Ἀθήνη
2188 3431 2292 3482 405

282 3527 410 3587 νῦν
457 3519 653 3607 ὤρεξε
697 3520 892 3606 τάχος
935 3517 1045 3586 καὶ
1091 3518 1190 3587 ἐπ’
1235 3520 1412 3611 αὐτῷ
1460 3524 1660 3600 κῦδος
1701 3525 1971 3607 έθηκεν·
