2525 3884
1020 201 1322 253 IAquz
1357 203 1505 255 m.
2143 202 2271 267 189

253 342 673 426 δακρυόεσσα
719 337 780 408 δ’
821 310 1103 409 ὕπαιθαΧ
1120 344 1250 409 θεὰ
1297 345 1513 428 φύγεν
1557 343 1646 421 ὥς
1688 366 1760 410 τε
1804 342 2057 429 πέλεια,

253 448 299 531 ἦ
346 446 432 533 ῥά
473 442 548 512 θ’
588 445 701 513 ὑπ’
747 454 972 532 ἴρηκος
1014 451 1249 532 κοίλην
1296 447 1633 515 εἰσέπτατο
1678 447 1953 536 πέτρην,

252 556 578 639 χηραμόν·
627 548 774 619 οὐδ’
816 555 945 641 ἄρα
987 562 1066 637 τῇ
1110 578 1187 637 γε
1223 554 1555 639 ἁλώμεναι
1599 562 1867 640 αἴσιμον
1910 552 2057 640 ἦεν·
2165 574 2270 624 495

254 653 349 736 ὥς
392 658 434 742 ἡ
480 659 892 745 δακρυόεσσα
938 661 1182 745 φύγεν,
1228 662 1377 727 λίπε
1423 658 1485 727 δ’
1529 661 1772 727 αὐτόθι
1814 659 1989 739 τόξα.

344 765 545 848 Λητὼ
592 759 666 829 δὲ
709 763 1056 851 προσέειπε
1101 763 1449 850 διάκτορος
1489 764 1952 852 ἀργεϊφόντης·

255 875 547 955 ,,Λητοῖ,
592 870 720 955 ἐγὼ
769 868 849 937 δέ
885 893 991 936 τοι
1038 871 1119 935 οὔ
1162 893 1227 936 τι
1271 874 1676 957 μαχήσομαι·
1723 868 2051 956 ἀργαλέον
2098 867 2173 937 δὲ

251 972 674 1060 πληκτίζεσθ’
717 976 1019 1060 ἀλόχοισι
1060 977 1230 1053 Διὸς
1272 974 1819 1063 νεφεληγερέταο·

253 1084 425 1152 ἀλλὰ
469 1084 643 1168 μάλα
685 1085 1084 1169 πρόφρασσα
1129 1078 1266 1167 μετ’
1311 1081 1709 1149 ἀθανάτοισι
1741 1089 2009 1150 θεοῖσιν
2166 1099 2271 1149 600

256 1191 575 1276 εὔχεσθαι
619 1184 732 1273 ἐμὲ
775 1196 1041 1272 νικῆσαι
1083 1195 1448 1275 κρατερῆφι
1492 1190 1794 1273 βίηφιν.“

350 1290 438 1372 ὧς
482 1291 587 1380 ἄρ’
632 1297 789 1378 ἔφη,
836 1295 1033 1378 Λητὼ
1082 1289 1156 1359 δὲ
1200 1296 1564 1359 συναίνυτο
1609 1295 1915 1378 καμπύλα
1959 1294 2115 1374 τόξα

254 1398 569 1467 πεπτεῶτ’
615 1401 887 1478 ἄλλυδις
931 1401 1095 1466 ἄλλα
1140 1401 1302 1485 μετὰ
1346 1400 1785 1485 στροφάλιγγι
1827 1402 2070 1485 κονίης.

252 1508 298 1592 ἡ
339 1504 461 1592 μὲν
503 1504 660 1585 τόξα
704 1508 1001 1590 λαβοῦσα
1044 1506 1243 1572 πάλιν
1292 1509 1393 1572 κίε
1436 1503 1809 1591 θυγατέρος
1850 1501 1955 1589 ἧς·

252 1614 298 1698 ἡ
342 1611 406 1677 δ’
441 1610 546 1699 ἄρ’
578 1611 921 1696 Ὄλυμπον
958 1614 1169 1697 ἵκανε,
1207 1614 1375 1692 Διὸς
1401 1611 1551 1679 ποτὶ
1577 1609 1975 1698 χαλκοβατὲς
2003 1614 2127 1696 δῶ,
2168 1627 2271 1678 505

257 1721 676 1805 δακρυόεσσα
722 1714 796 1784 δὲ
839 1721 1086 1805 πατρὸς
1131 1718 1390 1803 ἐφέζετο
1436 1720 1721 1803 γούνασι
1764 1720 2004 1805 κούρη,

254 1824 431 1911 ἀμφὶ
486 1823 547 1892 δ’
591 1822 695 1911 ἄρ’
740 1824 1098 1912 ἀμβρόσιος
1152 1824 1344 1903 ἑανὸς
1394 1824 1614 1912 τρέμε·
1669 1827 1793 1911 τὴν
1846 1822 1921 1892 δὲ
1965 1821 2159 1911 προτὶ
2207 1815 2274 1890 οἷ

256 1923 392 1998 εἷλε
435 1933 647 2020 πατὴρ
691 1934 1057 2018 Κρονίδης,
1103 1931 1215 1998 καὶ
1259 1933 1554 2021 ἀνείρετο
1599 1933 1731 2017 ἡδὺ
1775 1933 2122 2017 γελάσσας·

255 2040 408 2120 ,,τίς
449 2039 538 2103 νύ
582 2053 657 2104 σε
701 2033 913 2103 τοιάδ’
963 2037 1170 2125 ἔρεξε,
1216 2042 1422 2124 φίλον
1465 2036 1681 2120 τέκος,
1734 2037 2184 2122 Οὐρανιώνων
2243 2062 2260 2069 “

259 2145 651 2228 [μαψιδίως,
700 2145 789 2221 ὡς
833 2150 902 2210 εἴ
935 2167 999 2210 τι
1042 2146 1246 2210 κακὸν
1293 2143 1613 2230 ῥέζουσαν
1658 2142 1876 2226 ἐνωπῇ
1897 2144 1991 2223 ;]“
2168 2157 2272 2208 510

256 2248 381 2314 τὸν
427 2246 488 2315 δ’
535 2244 690 2315 αὖτε
733 2248 1120 2336 προσέειπεν
1166 2248 1573 2335 ἐυστέφανος
1616 2250 1962 2333 κελαδεινή
1979 2268 1993 2285 ·

257 2355 390 2437 ,,σή
437 2349 505 2439 μ’
547 2356 783 2441 ἄλοχος
827 2354 1197 2440 στυφέλιξε,
1243 2356 1477 2443 πάτερ,
1524 2356 1928 2432 λευκώλενος
1975 2353 2180 2441 ”Ηρη,

260 2457 329 2538 ἐξ
372 2455 452 2543 ἧς
497 2459 933 2528 ἀθανάτοισιν
977 2464 1114 2548 ἔρις
1156 2459 1269 2527 καὶ
1312 2471 1530 2540 νεῖκος
1575 2461 1922 2546 έφῆπται.“

350 2560 439 2643 ὧς
485 2567 556 2632 οί
594 2564 715 2651 μὲν
756 2578 1028 2634 τοιαῦτα
1072 2570 1236 2655 πρὸς
1282 2567 1608 2653 ἀλλήλους
1651 2568 2006 2656 ἀγόρευον,

262 2671 471 2756 αὐτὰρ
509 2669 845 2740 Ἀπόλλων
894 2678 1141 2759 Φοῖβος
1186 2675 1457 2741 ἐδύσετο
1497 2674 1713 2740 ’Ίλιον
1762 2676 1940 2759 ἱρήν·
2167 2687 2270 2736 516

261 2774 580 2862 μέμβλετο
625 2780 752 2865 γάρ
800 2778 871 2843 oc
907 2790 1118 2864 τεῖχος
1164 2780 1514 2865 έυδμήτοιο
1559 2782 1837 2862 πόληος,

261 2884 352 2969 μὴ
399 2882 663 2949 Δαναοὶ
705 2881 1016 2971 πέρσειαν
1060 2881 1227 2972 ὑπὲρ
1273 2888 1484 2972 μόρον
1527 2887 1728 2970 ἤματι
1770 2886 1988 2971 κείνφ.

263 2989 337 3055 οἱ
376 2988 437 3054 δ’
482 2991 670 3056 ἄλλοι
714 2990 878 3077 πρὸς
917 2989 1256 3075 Ὄλυμπον
1304 2998 1456 3057 ἴσαν
1500 2988 1654 3056 θεοὶ
1701 2986 1846 3055 αἰὲν
1893 2990 2136 3073 ἐόντες,

262 3094 336 3161 ol
375 3091 497 3179 μὲν
540 3098 895 3181 χωόμενοι,
943 3096 1016 3161 οἱ
1057 3092 1130 3162 δὲ
1174 3094 1340 3180 μέγα
1385 3097 1813 3180 κυδιόωντες,

261 3201 390 3267 κὰδ
419 3195 480 3265 δ’
504 3191 644 3280 ἷζον
677 3202 854 3286 παρὰ
889 3199 1086 3288 πατρὶ
1111 3205 1500 3286 κελαινεφεῖ.
1558 3202 1766 3286 αὐτὰρ
1796 3199 2130 3286 Ἀχιλλεὺς
2166 3218 2267 3268 520

270 3311 500 3394 Τρῶας
545 3307 721 3391 ὁμῶς
765 3308 1009 3384 αὐτούς
1051 3305 1110 3371 τ’
1153 3309 1381 3373 ὄλεκεν
1423 3304 1534 3373 καὶ
1577 3308 1884 3392 μώνυχας
1929 3307 2181 3384 ἵππους.

263 3412 354 3490 ὡς
400 3406 462 3477 δ’
503 3412 611 3478 ὅτε
655 3413 904 3490 καπνὸς
949 3413 1070 3479 ἰὼν
1115 3414 1208 3490 εἰς
1254 3412 1546 3498 οὐρανὸν
1593 3413 1799 3498 εὐρὺν
1844 3412 2060 3495 ἵκηται

263 3519 496 3595 ἄστεος
540 3514 959 3602 αὐθομένοιο,
1003 3523 1186 3583 θεῶν
1233 3515 1315 3583 δέ
1353 3517 1387 3583 ἑ
1427 3526 1622 3599 μῆνις
1668 3515 1939 3600 ἀνῆκεν,
