2525 3884
1025 162 1328 215 1A1AA02
1362 164 1506 218 xlv,
2178 161 2267 226 43

251 304 480 388 ἔσχεν,
529 302 568 368 ὁ
614 299 675 369 δ’
725 302 800 370 ἐν
842 306 1106 390 κονίῃσι
1148 306 1372 371 πεσὼν
1416 304 1521 371 ἕλε
1565 316 1764 390 γαῖαν
1807 305 2083 394 ἀγοστῷ.

250 409 713 492 Πουλυδάμας
760 405 821 473 δ’
875 412 1202 493 ἔκπαγλον
1248 409 1561 488 ἐπεύξατο
1606 411 1858 495 μακρὸν
1903 410 2135 488 ἀύσας·

248 515 388 598 ,,οὐ
437 517 568 601 μὰν
611 510 752 580 αὖτ’
808 515 927 581 ὀίω
972 517 1366 601 μεγαθύμου
1413 518 1810 582 Πανθοΐδαο
2191 569 2200 577 .

245 623 474 707 χειρὸς
518 622 646 686 ἄπο
691 624 1007 706 στιβαρῆς
1047 623 1239 688 ἅλιον
1283 624 1575 707 πηδῆσαι
1619 624 1884 705 ἄκοντα,
2160 638 2267 688 455

249 728 429 793 ἀλλά
473 751 574 805 τις
611 722 922 812 Ἀργείων
964 730 1195 813 κόμισε
1240 731 1412 814 χροΐ,
1458 733 1572 795 καί
1612 753 1728 815 μιν
1774 728 1894 795 ὀίω

255 834 446 922 αὐτῷ
495 836 950 918 σκηπτόμενον
993 837 1265 919 κατίμεν
1311 836 1526 920 δόμον
1552 833 1782 912 ’Ἀιδος
1826 836 2048 900 εἴσω.“

350 935 445 1017 ὧς
482 934 696 1026 ἔφατ’,
734 936 1088 1027 Ἀργείοισι
1136 938 1197 1006 δ’
1250 942 1410 1027 ἄχος
1452 935 1662 1026 γένετ’
1712 938 2115 1025 εὐξαμένοιο·

254 1052 510 1112 Αἴαντι
554 1042 954 1131 δὲμάλιστα
1000 1048 1319 1132 δαΐφρονι
1361 1049 1588 1132 θυμὸν
1632 1049 1880 1134 ὄρινεν,

249 1161 348 1240 τῷ
409 1154 908 1237 Τελαμωνιάδῃ·
952 1159 1074 1218 τοῦ
1117 1154 1243 1237 γὰρ
1290 1151 1490 1219 πέσεν
1533 1155 1686 1239 ἄγχι
1731 1154 2026 1239 μάλιστα.
2161 1168 2266 1218 460

251 1260 686 1344 καρπαλίμως
730 1253 793 1323 δ’
842 1257 1153 1335 ἀπιόντος
1196 1257 1500 1324 ἀκόντισε
1545 1256 1740 1345 δουρὶ
1785 1266 2063 1346 φαεινῷ·

256 1364 718 1447 Πουλυδάμας
760 1361 823 1428 δ’
876 1363 1074 1441 αὐτὸς
1117 1360 1241 1448 μὲν
1289 1363 1567 1429 ἀλεύατο
1613 1372 1781 1449 κῆρα
1825 1362 2144 1448 μέλαιναν

259 1468 564 1554 λικριφὶς
606 1467 809 1552 ἀίξας,
854 1471 1126 1553 κόμισεν
1171 1468 1237 1534 δ’
1284 1463 1676 1553 Ἀντήνορος
1719 1471 1866 1548 υίὸς

255 1572 675 1662 Ἀρχέλοχος·
717 1584 809 1664 τῷ
854 1575 981 1659 γάρ
1027 1573 1111 1660 ῥα
1155 1571 1310 1640 θεοὶ
1353 1574 1725 1658 βούλευσαν
1770 1577 2076 1661 ὄλεθρον.

253 1686 383 1748 τόν
413 1679 473 1767 ῥ’
509 1684 744 1766 ἔβαλεν
766 1685 1061 1766 κεφαλῆς
1103 1703 1174 1746 τε
1200 1678 1311 1745 καὶ
1335 1678 1621 1765 αὐχένος
1648 1680 1722 1747 ἐν
1766 1691 2133 1772 συνεοχμῷ,
2161 1699 2265 1748 465

254 1790 532 1854 νείατον
578 1787 1016 1873 ἀστράγαλον,
1063 1786 1189 1853 ἀπὸ
1238 1785 1310 1851 δ’
1362 1788 1560 1872 ἄμφω
1604 1786 1796 1874 κέρσε
1840 1786 2134 1853 τένοντε·

257 1903 390 1960 τοῦ
439 1891 511 1959 δὲ
555 1895 728 1959 πολὺ
771 1894 1096 1978 πρότερον
1140 1893 1394 1978 κεφαλὴ
1442 1895 1650 1977 στόμα
1693 1915 1764 1957 τε
1809 1891 1989 1978 ῥῖνές
2030 1917 2099 1958 τε

263 2000 456 2066 οὔδει
499 1995 735 2083 πλῆντ’
787 2000 830 2081 ἤ
874 2020 996 2084 περ
1042 2008 1285 2083 κνῆμαι
1327 1996 1438 2063 καὶ
1482 2007 1695 2082 γοῦνα
1722 2000 2074 2091 ’,πεσόντος

263 2111 436 2182 Αἴας
482 2100 543 2169 δ’
596 2098 742 2168 αὖτ’
794 2102 1118 2187 ἐγέγωνεν
1162 2103 1452 2189 ἀμύμονι
1495 2103 2040 2186 Πουλυδάμαντι·

263 2211 578 2296 ,,φράζεο,
625 2209 1058 2294 Πουλυδάμα,
1104 2212 1220 2274 καί
1258 2233 1372 2294 μοι
1416 2205 1733 2293 νημερτὲς
1777 2207 2063 2286 ἐνίσπες·
2163 2227 2266 2278 470

263 2313 308 2400 ἦ
360 2312 420 2401 ῤ’
472 2316 594 2400 οὐχ
640 2310 836 2392 οὗτος
879 2313 1048 2401 ἀνὴρ
1086 2318 1577 2401 Προθοήνορος
1621 2312 1768 2380 ἀντὶ
1812 2316 2154 2400 πεφάσθαι
2207 2380 2210 2385 .

265 2420 481 2500 ἅξιοςς
528 2421 610 2485 οὐ
654 2419 777 2505 μέν
821 2443 934 2507 μοι
977 2421 1176 2498 κακὸς
1220 2421 1467 2486 εἴδεται
1512 2417 1670 2486 οὐδὲ
1713 2431 1932 2486 κακῶν
1978 2421 2065 2504 ἔξ,

265 2528 436 2594 ἀλλὰ
476 2531 869 2611 κασίγνητος
906 2524 1301 2613 Ἀντήνορος
1345 2527 1742 2611 ἱπποδάμοιο

264 2634 311 2718 ἢ
358 2644 533 2709 παῖς·
578 2631 756 2720 αὐτῷ
801 2632 928 2717 γὰρ
973 2633 1210 2715 γενεὴν
1253 2634 1528 2716 ἄγχιστα
1573 2629 1867 2721 ἐῷκειν.“

359 2736 400 2824 ἦ
429 2734 491 2826 ῤ’
526 2733 602 2805 εὖ
627 2739 1039 2823 γιγνώσκων,
1084 2742 1315 2823 Τρῶας
1343 2735 1403 2803 δ’
1438 2739 1596 2824 ἄχος
1630 2742 1863 2823 ἔλλαβε
1888 2743 2130 2825 θυμόν.
2168 2756 2271 2806 475

268 2844 424 2913 ἔνθ’
467 2840 745 2929 Ἀκάμας
788 2847 1150 2930 Πρόμαχον
1192 2844 1520 2909 Βοιώτιον
1566 2844 1805 2911 οὔτασε
1851 2846 2065 2931 δουρί,

270 2950 442 3037 ἀμφὶ
485 2952 856 3037 κασιγνήτῳ
903 2951 1184 3035 βεβαώς·
1230 2950 1269 3016 ὁ
1315 2947 1380 3016 δ’
1430 2951 1676 3035 ὕφελκε
1721 2953 2005 3018 ποδοῖιν.

269 3066 362 3146 τῷ
410 3054 472 3122 δ’
525 3057 800 3141 Ἀκάμας
843 3058 1170 3140 ἔκπαγλον
1217 3056 1527 3137 ἐπεύξατο
1573 3058 1828 3142 μακρὸν
1872 3057 2104 3135 ἀύσας·

272 3159 593 3249 »Ἀργεῖοι
636 3164 934 3249 ἰόμωροι,
979 3161 1310 3227 ἀπειλάων
1352 3162 1685 3248 ἀκόρητοι,
2017 3244 2027 3257 ,

275 3270 357 3334 οὔ
398 3276 539 3353 (θην
585 3272 828 3334 οἴοισίν
871 3291 947 3352 γε
991 3271 1197 3346 πόνος
1238 3266 1298 3332 τ’
1351 3269 1565 3333 ἔσεται
1607 3266 1717 3333 καὶ
1763 3268 1941 3347 ὀιζὺς
2089 3328 2094 3331 .
2170 3283 2275 3334 480

275 3374 453 3459 ἡμῖν,
500 3374 666 3440 ἀλλά
709 3375 879 3439 ποθ’
928 3369 1056 3439 ὧδε
1103 3371 1624 3439 κατακτανέεσθε
1668 3370 1778 3438 καὶ
1824 3374 2046 3458 ὔμμες.
2157 3404 2160 3411 ,

268 3475 625 3569 φράζεσθ’,
671 3479 760 3556 ὡς
804 3480 963 3564 ὑμῖν
1008 3482 1366 3563 Πρόμαχος
1412 3475 1817 3560 δεδμημένος
1862 3477 2039 3539 εὕδει
