2525 3884
959 172 1262 225 muoz
1296 175 1492 228 xvm.
2092 172 2215 237 127

211 312 390 379 ἀλλά
439 317 519 380 σὺ
561 311 684 400 μὲν
729 317 821 399 μή
862 337 965 381 πω
1008 315 1374 381 καταδύσεο
1419 321 1642 400 μῶλον
1668 314 1939 403 Ἄρηος,

206 423 380 505 πρίν
430 417 489 503 γ’
531 417 642 505 ἐμὲ
689 414 873 505 δεῦρ’
913 420 1246 487 ἐλθοῦσαν
1283 419 1357 486 ἐν
1393 419 1844 506 ὀφθαλμοῖσιν
1880 423 2084 506 ἴδηαι·
2117 437 2218 488 136

206 526 452 621 ἠῶθεν
493 528 619 610 γὰρ
662 536 903 610 νεῦμαι
948 521 1061 611 ἅμ’
1099 526 1297 612 ἠελίῳ
1343 526 1599 592 ἀνιόντι
1941 612 1948 621 .

203 633 455 716 τεύχεα
495 633 662 697 καλὰ
707 631 1006 717 φέρουσα
1048 628 1206 717 παρ’
1240 628 1633 717 Ἡφαίστοιο
1678 634 2019 710 ἅνακτος,“

302 733 405 815 ὧς
446 739 572 823 ἄρα
619 741 984 821 φωνήσασα
1026 737 1225 802 πάλιν
1272 735 1550 824 τράπεθ’
1590 730 1737 815 υἷος
1780 737 1957 824 ἑῆος,

201 841 324 909 καὶ
377 839 762 930 στρεφθεῖσ’
805 842 1027 926 ἁλίῃσι
1068 845 1499 930 κασιγνήτῃσι
1543 844 1862 929 μετηύδα·

203 950 452 1034 »ὑμεῖς
495 945 617 1033 μὲν
660 957 788 1012 νῦν
835 948 989 1012 δῦτε
1032 948 1374 1031 θαλάσσης
1418 946 1614 1034 εὐρέα
1656 951 1905 1015 κόλπον
2118 963 2219 1014 140

204 1054 553 1140 ὀψόμεναί
587 1078 658 1120 τε
700 1047 975 1139 γέρονθ’
1017 1053 1207 1119 ἅλιον
1247 1052 1360 1119 καὶ
1406 1055 1672 1140 δώματα
1715 1057 1961 1141 πατρὸς

203 1164 332 1226 καί
385 1162 458 1226 οἱ
501 1157 690 1225 πάντ’
733 1155 1116 1245 ἀγορεύσατ’
1135 1177 1152 1194 ·
1210 1157 1338 1242 ἐγὼ
1383 1154 1446 1223 δ’
1489 1158 1555 1236 ἐς
1599 1162 1854 1245 μακρὸν
1879 1159 2220 1245 Ὄλυμπον

204 1261 354 1350 εἶμι
398 1261 553 1352 παρ’
580 1263 952 1349 ’Ἡφαιστου
994 1263 1464 1348 κλυτοτέχνην,
1511 1270 1587 1329 αἴ
1621 1259 1683 1330 κ’
1725 1265 2036 1350 ἐθέλῃσιν

204 1373 357 1437 υἱεῖ
397 1372 530 1460 ἐμῷ
578 1373 852 1456 δόμεναι
894 1371 1100 1436 κλυτὰ
1141 1371 1373 1453 τεύχεα
1416 1372 1974 1453 παμφανόωντα.“

301 1473 399 1555 ὦς
446 1474 674 1562 ἔφαθ’,
722 1477 797 1542 αἰ
837 1472 902 1540 δ’
934 1475 1064 1541 ὑπὸ
1108 1484 1283 1559 κῦμα
1328 1475 1670 1558 θαλάσσης
1713 1472 1921 1540 αὐτίκ’
1955 1478 2219 1543 ἔδυσαν.

206 1581 252 1665 ἡ
304 1579 372 1649 δ’
420 1577 563 1648 αὖτ’
608 1581 1044 1666 Οὔλυμπόνδε
1086 1581 1243 1664 θεά,
1291 1580 1481 1659 Θέτις
1523 1580 1962 1666 ἀργυρόπεζα,
2118 1598 2219 1649 146

206 1689 399 1773 ἤιεν,
444 1690 622 1774 ὄφρα
668 1689 840 1775 φίλῳ
886 1683 1074 1752 παιδὶ
1117 1688 1321 1751 κλυτὰ
1364 1683 1572 1771 τεύχε’
1615 1687 1879 1754 ἐνείκαι.

301 1796 434 1879 τὴν
469 1790 589 1879 μὲν
625 1788 729 1878 ἄρ’
765 1792 1205 1876 Οὔλυμπόνδε
1230 1793 1431 1871 πόδες
1458 1793 1693 1878 φέρον·
1740 1794 1945 1878 αὐτὰρ
1976 1791 2220 1879 Ἀχαιοὶ

207 1903 554 1988 θεσπεσίῳ
599 1899 896 1987 ἀλαλητῷ
940 1894 1062 1983 ὑφ’
1088 1897 1400 1984 Ἕκτορος
1445 1898 1894 1984 ἀνδροφόνοιο

213 2007 583 2090 φεύγοντες
622 2004 788 2088 νῆάς
829 2026 900 2069 τε
941 2002 1053 2069 καὶ
1087 2000 1574 2089 Ἑλλήσποντον
1618 2003 1860 2070 ἵκοντο.
2119 2019 2222 2071 150

216 2110 391 2178 οὐδέ
429 2134 504 2176 κε
546 2111 939 2195 Πάτροκλόν
979 2131 1103 2196 περ
1150 2110 1537 2193 ἐυκνήμιδες
1574 2103 1821 2193 Ἀχαιοὶ

216 2216 292 2284 ἐκ
338 2215 588 2301 βελέων
633 2216 954 2301 ἐρύσαντο
998 2214 1230 2298 νέκυν,
1275 2212 1634 2300 θεράποντ’
1680 2209 1998 2299 Ἀχιλῆος·

220 2319 412 2402 αὖτις
454 2324 581 2410 γὰρ
628 2322 711 2405 δὴ
754 2324 874 2387 τόν
916 2345 994 2406 γε
1036 2325 1224 2406 κίχον
1269 2322 1427 2398 λαός
1467 2343 1540 2385 τε
1580 2318 1693 2385 καὶ
1737 2321 1926 2386 ἵπποι

203 2426 463 2516 Ἕκτωρ
506 2451 576 2495 τε
621 2426 953 2512 Πριάμοιο
995 2427 1175 2510 πάις,
1222 2423 1425 2510 φλογὶ
1469 2431 1713 2504 εἴκελος
1757 2427 1979 2511 ἀλκήν.

221 2534 368 2623 τρὶς
411 2532 533 2620 μέν
576 2556 691 2617 μιν
735 2534 1091 2618 μετόπισθε
1134 2534 1363 2597 ποδῶν
1410 2532 1569 2616 λάβε
1605 2534 1921 2618 φαίδιμος
1940 2530 2193 2618 Ἕκτωρ

222 2639 562 2725 ἑλκέμεναι
606 2638 893 2723 μεμαώς,
939 2636 1104 2722 μέγα
1150 2634 1224 2704 δὲ
1276 2638 1614 2723 Τρώεσσιν
1659 2636 1934 2722 ὁμόκλα·
2121 2653 2222 2704 156

220 2746 366 2834 τρὶς
412 2742 487 2812 δὲ
532 2739 639 2810 δύ’
677 2750 988 2827 Αἴαντες,
1033 2751 1280 2829 θοῦριν
1326 2740 1679 2828 ἐπιειμένοι
1725 2741 1959 2826 ἀλκήν,

221 2860 466 2938 νεκροῦ
510 2848 1045 2935 ἀπεστυφέλιξαν.
1118 2849 1154 2915 ὁ
1192 2847 1255 2914 δ’
1300 2851 1616 2934 ἔμπεδον,
1663 2845 1811 2912 ἀλκὶ
1853 2847 2219 2931 πεποιθώς,

119 2991 123 2997 ’
226 2955 446 3025 ἄλλοτ’
491 2956 833 3036 ἐπαΐξασκε
877 2956 1041 3022 κατὰ
1085 2958 1335 3039 μόθον,
1380 2956 1613 3021 ἄλλοτε
1654 2947 1716 3019 δ’
1758 2947 1914 3019 αὖτε

225 3065 461 3130 στάσκε
505 3061 669 3149 μέγα
716 3062 949 3146 ἰάχων,
996 3060 1206 3126 ὀπίσω
1245 3057 1308 3126 δ’
1353 3060 1434 3126 οὐ
1478 3059 1701 3144 χάζετο
1745 3058 2030 3145 πάμπαν.
2120 3074 2224 3126 160

227 3170 315 3248 ὡς
360 3164 424 3235 δ’
466 3168 593 3234 ἀπὸ
640 3168 940 3252 σώματος
983 3165 1068 3232 οὔ
1110 3189 1175 3231 τι
1218 3160 1432 3231 λέοντ’
1476 3170 1738 3231 αἴθωνα
1785 3164 2102 3230 δύνανται

148 3326 149 3333 1
197 3306 220 3340 ι
272 3273 531 3360 οιμένες
573 3275 895 3359 ἄγραυλοι
938 3271 1104 3357 μέγα
1146 3272 1503 3338 πεινάοντα
1550 3270 1845 3352 δίεσθαι,

124 3458 129 3465 ι
358 3379 443 3465 ῥα
486 3380 605 3446 τὸν
651 3379 774 3444 οὐκ
811 3377 1132 3445 ἐδύναντο
1179 3378 1320 3443 δύω
1366 3383 1612 3442 Αἴαντε
1654 3375 1945 3460 κορυστὰ

186 3536 197 3559 ,-
220 3572 235 3583 -
326 3510 488 3570 τορα
534 3485 918 3572 Πριαμίδην
964 3482 1090 3548 ἀπὸ
1135 3490 1378 3568 νεκροῦ
1425 3479 1855 3558 δειδίξασθαι.
