2525 3884
1039 182 1341 234 ῙΛΙΑΔοΣ
1376 183 1568 238 xm.
2178 178 2303 244 251

297 320 486 417 ἄνδρ’
540 323 1038 409 ἀπαμύνασθαι,
1086 326 1193 390 ὅτε
1236 348 1338 402 τις
1380 327 1697 411 πρότερος
1737 325 2089 413 χαλεπήνῃ.

295 424 440 494 ἀλλ’
491 428 617 512 ἐγὼ
670 429 873 496 οὐδέν
919 446 993 497 σε
1039 430 1203 517 ῥέξω
1238 431 1435 513 κακά,
1480 428 1591 496 καὶ
1636 428 1716 496 δέ
1753 452 1868 495 κεν
1911 430 2116 495 ἄλλον
2205 445 2311 495 870

295 543 414 601 σεῦ
460 534 960 621 ἀπαλεξήσαιμι·
1004 540 1179 625 φίλω
1226 534 1307 602 δέ
1346 554 1421 603 σε
1451 534 1661 621 πατρὶ
1706 535 1918 602 ἐίσκω.
1922 536 1966 571 “

383 642 503 707 τὸν
549 638 612 707 δ’
665 638 949 726 ἠμείβετ’
1000 645 1219 708 ἔπειτα
1260 641 1478 727 γέρων
1525 644 1828 726 Πρίαμος
1870 640 2200 723 θεοειδής·

297 746 516 828 ,,οῧτω
563 769 654 833 πῃ
698 747 855 814 τάδε
898 742 968 831 γ’
1020 747 1183 831 ἐστί,
1231 750 1434 833 φίλον
1477 746 1690 830 τέκος,
1738 746 1827 823 ὡς
1870 744 2227 831 ἀγορεύεις.

295 849 443 917 ἀλλ’
497 855 592 919 ἔτι
635 876 736 931 τις
777 852 888 919 καὶ
933 852 1108 938 ἐμεῖο
1153 861 1338 918 θεῶν
1381 851 1784 939 ὑπερέσχεθε
1826 861 2040 937 χεῖρα,

294 958 368 1034 ὃς
410 982 523 1042 μοι
566 953 817 1025 τοιόνδ’
866 955 1025 1042 ἧκεν
1070 959 1430 1045 ὁδοιπόρον
1475 959 1934 1043 ἀντιβολῆσαι,
2204 969 2306 1020 375

295 1069 545 1147 αἴσιον,
593 1055 732 1141 οἷος
778 1066 861 1148 δὴ
898 1068 986 1130 σὺ
1032 1062 1232 1151 δέμας
1274 1063 1383 1130 καὶ
1431 1060 1609 1142 εἶδος
1651 1064 1919 1148 ἀγητός,
2043 1054 2048 1057 ’

184 1180 191 1183 ’
292 1168 626 1235 πέπνυσαί
661 1194 732 1235 τε
773 1172 943 1258 νόω,
988 1171 1305 1257 μακάρων
1351 1167 1412 1235 δ’
1466 1169 1676 1249 ἔξεσσι
1720 1168 2042 1252 τοκήων.“

380 1276 502 1339 τὸν
546 1272 608 1341 δ’
663 1271 817 1342 αὖτε
862 1275 1208 1363 προσέειπε
1253 1276 1600 1362 διάκτορος
1642 1275 2103 1361 ἀργεϊφόντης·

292 1378 449 1463 ,,ναὶ
496 1381 579 1465 δὴ
625 1381 828 1446 ταῦτά
871 1405 947 1465 γε
991 1382 1223 1466 πάντα,
1269 1381 1501 1468 γέρον,
1545 1382 1708 1446 κατὰ
1751 1388 1990 1465 μοῖραν
2038 1379 2260 1453 ἔειπες.

304 1482 444 1550 ἀλλ’
497 1486 616 1570 ἄγε
660 1510 772 1572 μοι
815 1489 969 1554 τόδε
1014 1484 1154 1553 εἰπε
1196 1485 1308 1552 καὶ
1351 1483 1670 1572 ἀτρεκέως
1701 1481 2084 1565 κατάλεξον,
2192 1497 2304 1547 380

299 1590 382 1673 ἠέ
420 1612 510 1677 πῃ
558 1590 899 1676 ἐκπέμπεις
939 1595 1241 1678 κειμήλια
1285 1592 1496 1659 πολλὰ
1538 1588 1648 1656 καὶ
1693 1590 1903 1655 ἐσθλὰ

297 1697 545 1782 ἄνδρας
590 1697 657 1775 ἐς
701 1698 1145 1781 ἀλλοδαπούς,
1192 1699 1305 1763 ’ἵνα
1348 1720 1471 1782 περ
1514 1697 1670 1762 τάδε
1713 1718 1818 1761 τοι
1864 1698 1989 1761 σόα
2033 1697 2258 1780 μίμνῃ,

291 1798 333 1886 ἦ
379 1803 506 1885 ἤδη
552 1803 789 1880 πάντες
830 1806 1244 1869 καταλείπετε
1271 1802 1483 1868 Ἴλιον
1530 1803 1680 1889 ἱρὴν

293 1909 634 1986 δειδιότες·
679 1919 858 1986 τοῖος
899 1910 1026 1995 γὰρ
1072 1909 1242 1994 ἀνὴρ
1289 1909 1564 1994 ὤριστος
1609 1909 1886 1989 ὄλωλεν,

294 2015 410 2092 σὸς
452 2025 630 2091 παῖς·
677 2014 760 2080 οὐ
794 2010 918 2099 μὲν
951 2015 1080 2101 γάρ
1115 2038 1180 2080 τι
1214 2015 1424 2100 μάχης
1459 2009 1783 2079 ἐπεδεύετ’
1818 2009 2162 2096 Ἀχαιῶν.“
2200 2026 2303 2076 385

379 2121 498 2185 τὸν
545 2116 607 2184 δ’
657 2115 940 2204 ἠμείβετ’
967 2124 1214 2186 ,ἔπειτα
1256 2118 1473 2204 γέρων
1518 2121 1823 2204 Πρίαμος
1864 2117 2197 2201 θεοειδής·

291 2228 437 2308 ,,τίς
480 2220 554 2290 δὲ
599 2226 683 2291 σύ
729 2225 904 2309 ἐσσι,
953 2226 1252 2311 φέριστε,
1297 2223 1464 2291 τέων
1511 2220 1570 2290 δ’
1626 2222 1838 2302 ἔξεσσι
1881 2225 2168 2307 τοκήων;

295 2331 383 2407 ὥς
429 2354 544 2414 μοι
587 2332 753 2396 καλὰ
795 2333 915 2397 τὸν
963 2326 1145 2400 οἶτον
1190 2331 1487 2415 ἀπότμου
1530 2331 1766 2406 παιδὸς
1809 2331 2126 2407 ἔνισπες.“

379 2436 499 2501 τὸν
544 2429 610 2500 δ’
662 2430 818 2501 αὖτε
860 2436 1206 2521 προσέειπε
1254 2437 1598 2522 διάκτορος
1642 2435 2107 2522 ἀργεϊφόντης·

293 2548 534 2627 ,,πειρᾷ
583 2540 781 2625 ἐμεῖο,
827 2540 1068 2628 γεραιέ,
1113 2540 1222 2607 καὶ
1269 2540 1785 2671 εἴρεαιἝκτορα
1830 2541 2004 2623 δῖον·
2200 2555 2303 2604 390

291 2648 412 2712 τὸν
458 2642 581 2730 μὲν
626 2645 754 2729 ἐγὼ
799 2647 971 2730 μάλα
1015 2647 1225 2712 πολλὰ
1269 2646 1440 2733 μάχη
1488 2649 1588 2712 ἔνι
1631 2647 2019 2731 κυδιανείρῃ

294 2752 745 2837 ὀφθαλμοῖσιν
790 2752 1041 2833 ὄπωπα,
1085 2750 1196 2817 καὶ
1241 2746 1373 2817 εὖτ’
1428 2750 1532 2818 ἐπὶ
1575 2750 1817 2834 νηυσὶν
1862 2750 2140 2825 ἐλάσσας

287 2854 622 2942 Ἀργείους
654 2860 982 2923 κτείνεσκε
1028 2859 1271 2936 δαΐζων
1316 2856 1449 2937 ὀξέι
1493 2864 1742 2947 χαλκω,

293 2961 480 3046 ἡμεῖς
524 2957 586 3029 δ’
636 2961 935 3040 ἑσταότες
978 2963 1564 3049 θαυμάζομεν·οὐ
1606 2965 1733 3049 γὰρ
1772 2959 2100 3047 Ἀχιλλεὺς

294 3071 398 3131 εἴα
442 3065 852 3152 μάρνασθαι,
880 3066 1344 3152 κεχολωμένος
1382 3063 1737 3154 Ἀτρεΐωνι·
2196 3082 2308 3133 395‘

293 3179 417 3237 τοῦ
460 3171 585 3257 γὰρ
631 3170 759 3255 ἐγὼ
803 3173 1139 3258 θεράπων,
1185 3175 1303 3256 μία
1348 3170 1409 3238 δ’
1452 3174 1657 3256 ἤγαγε
1701 3182 1866 3257 νηῦς
1909 3173 2204 3258 ἐνεργής·

296 3277 756 3361 Μυρμιδόνων
802 3273 865 3342 δ’
925 3277 1156 3363 ἔξειμι,
1202 3277 1414 3361 πατὴρ
1462 3276 1542 3343 δέ
1580 3280 1701 3363 μοι’
1738 3278 1874 3344 ἐστι
1922 3278 2301 3360 Πολύκτωρ.

294 3381 571 3466 ἀφνειὸς
613 3379 734 3466 μὲν
779 3383 818 3449 ὅ
861 3379 924 3468 γ’
977 3382 1142 3466 ἐστί,
1177 3382 1417 3467 ’γέρων
1473 3379 1548 3449 δὲ
1593 3384 1674 3467 δὴ
1721 3383 1809 3461 ὡς
1853 3383 1938 3448 σύ
1981 3403 2104 3466 περ
2149 3376 2301 3463 ὧδε,

300 3485 367 3566 ἓξ
415 3487 497 3554 δέ
536 3488 608 3552 oc
646 3479 787 3564 υἷες
831 3491 1036 3572 ἔασιν,
1085 3487 1211 3572 ἐγὼ
1259 3486 1339 3555 δέ
1377 3490 1451 3554 oc
1489 3487 1768 3573 ἕβδομός
1812 3488 1966 3564 εἰμι·
