2525 3884
312 178 397 244 62
1116 183 1418 234 ummoz:
1458 181 1521 235 ο.

309 321 351 406 ἢ
398 324 581 405 δηθὰ
626 326 1063 413 στρεύγεσθαι
1107 325 1181 391 ἐν
1227 326 1381 409 αἰνῇ
1423 325 1717 408 δηιοτῆτι

311 422 427 493 ὧδ’
477 429 693 507 αὔτως
735 432 911 514 παρὰ
953 428 1195 515 νηυσὶν
1237 428 1351 496 ὑπ’
1405 429 1689 514 ἀνδράσι
1733 427 2293 516 χειροτέροισιν.“

398 529 487 612 ὧς
532 537 735 601 εἰπὼν
780 537 1031 619 ὤτρυνε
1068 535 1266 621 μένος
1308 533 1422 601 καὶ
1464 537 1692 620 θυμὸν
1739 533 2034 601 ἑκάστου.

310 635 458 705 ἔνθ’
492 639 746 728 Ἕκτωρ
790 638 911 726 μὲν
955 641 1060 708 ἕλε
1105 643 1396 726 Σχεδίον
1444 642 1855 725 Περιμήδεος
1898 640 2072 724 υἱόν,
2216 655 2336 706 515

309 745 514 833 ἀρχὸν
565 751 883 831 Φωκήων,
930 752 1100 825 Αἶας
1145 745 1205 812 δ’
1260 747 1366 813 ἕλε
1412 747 1861 832 Λαοδάμαντα

307 851 600 938 ἡγεμόνα
643 853 972 939 πρυλέων,
1013 850 1408 939 Ἀντήνορος
1452 853 1702 937 ἀγλαὸν
1746 854 1930 919 υἱόν·

308 960 760 1044 Πουλυδάμας
804 957 865 1025 δ’
910 950 1105 1025 Ὦτον
1149 962 1535 1044 Κυλλήνιον
1580 957 1970 1046 ἐξενάριξεν,

314 1066 649 1130 Φυλεΐδεω
697 1064 954 1152 ἕταρον,
1000 1066 1409 1150 μεγαθύμων
1447 1066 1653 1150 ἀρχὸν
1693 1062 1984 1130 Ἐπειῶν.

306 1177 396 1257 τῷ
443 1166 517 1237 δὲ
543 1170 777 1254 Μέγης
813 1171 1174 1259 ἐπόρουσεν
1207 1173 1398 1238 ἰδών·
1445 1170 1483 1238 ὁ
1530 1166 1592 1237 δ’
1625 1172 1882 1237 ὕπαιθα
1926 1172 2173 1255 λιάσθη
2213 1187 2330 1238 520

308 1277 774 1362 Πουλυδάμας.
811 1275 922 1342 καὶ
949 1286 1071 1343 τοῦ
1097 1274 1219 1362 μὲν
1247 1277 1691 1365 ἀπήμβροτεν·
1722 1276 1805 1343 οὐ
1830 1278 1958 1363 γὰρ
1981 1271 2328 1343 Ἀπόλλων

307 1386 409 1446 εἴα
454 1386 782 1450 Πανθόου
825 1384 980 1449 υἱὸν
1023 1381 1126 1449 ἐνὶ
1160 1384 1560 1469 προμάχοισι
1605 1384 1920 1468 δαμῆναι·

306 1486 513 1573 αὐτὰρ
560 1489 596 1554 ὅ
633 1513 707 1572 γε
751 1493 1100 1575 Κροίσμου
1147 1495 1396 1573 στῆθος
1439 1488 1645 1573 μέσον
1692 1489 1930 1555 οὔτασε
1977 1491 2189 1575 δουρί.

307 1594 640 1678 δούπησεν
687 1592 760 1662 δὲ
804 1597 1048 1680 πεσών,
1095 1595 1132 1661 ὁ
1178 1593 1240 1661 δ’
1295 1589 1406 1660 ἀπ’
1458 1596 1657 1680 ὤμων
1701 1592 1907 1680 τεύχε’
1961 1595 2180 1662 ἐσύλα.

305 1702 521 1784 τόφρα
567 1697 641 1766 δὲ
683 1724 773 1766 τω
822 1701 1143 1787 ἐπόρουσε
1187 1704 1426 1780 Δόλοψ
1471 1703 1705 1787 αἰχμῆς
1750 1702 1826 1768 ἐὺ
1871 1703 2095 1783 εἰδώς,
2212 1718 2326 1769 525

306 1807 743 1890 Λαμπετίδης,
792 1807 872 1872 ὃν
915 1806 1192 1891 Λάμπος
1238 1807 1533 1890 ἐγείνατο
1580 1806 1902 1893 φέρτατος
1945 1808 2237 1892 ἀνδρῶν,

305 1912 908 1997 Λαομεδοντιάδης,
955 1910 1031 1978 ἐὺ
1077 1914 1298 1979 εἰδότα
1343 1913 1667 1999 θούριδος
1713 1900 1935 1997 ἀλκῆς·

306 2017 379 2095 ὃς
419 2021 567 2085 τότε
618 2020 948 2086 Φυλεΐδαο
995 2017 1201 2102 μέσον
1246 2019 1446 2096 σάκος
1491 2019 1729 2085 οὔτασε
1777 2016 1972 2103 δουρὶ

305 2123 594 2206 ἐγγύθεν
640 2125 988 2212 ὁρμηθείς·
1032 2126 1311 2202 πυκινὸς
1356 2124 1435 2190 δέ
1477 2126 1549 2190 οἰ
1585 2126 1821 2209 ἤρκεσε
1865 2123 2115 2209 θώρηξ,

303 2231 422 2294 τόν
461 2227 522 2314 ῤ’
558 2229 785 2314 ἐφόρει
828 2229 1177 2313 γυάλοισιν
1205 2228 1523 2314 ἀρηρότα·
1569 2231 1688 2294 τόν
1733 2249 1889 2293 ποτε
1924 2229 2183 2305 Φυλεὺς
2210 2244 2318 2295 530

302 2336 549 2418 ἤγαγεν
594 2333 660 2413 ἐξ
699 2331 1008 2418 Ἐφύρης,
1053 2342 1353 2418 ποταμοῦ
1400 2335 1528 2399 ἄπο
1576 2336 2005 2418 Σελλήεντος·

304 2439 516 2518 ξεῖνος
558 2440 685 2523 γάρ
732 2439 803 2505 οἱ
841 2441 1087 2507 ἔδωκεν
1131 2439 1296 2518 ἄναξ
1342 2439 1609 2524 ἀνδρῶν
1645 2437 1977 2524 Ἐυφήτης

303 2546 370 2623 ἐς
413 2548 700 2629 πόλεμον
746 2543 1017 2628 φορέειν
1065 2547 1276 2629 δηίων
1323 2545 1589 2630 ἀνδρῶν
1634 2545 1968 2630 ἀλεωρήν·

303 2653 375 2729 ὅς
421 2653 490 2717 ol
527 2650 636 2716 καὶ
681 2653 826 2716 τότε
871 2652 1104 2727 παιδὸς
1150 2650 1277 2717 ἀπὸ
1322 2652 1519 2737 χροὸς
1562 2646 1789 2735 ἤρκεσ’
1841 2653 2147 2735 ὄλεθρον.

298 2768 422 2824 τοῦ
467 2755 541 2823 δὲ
585 2754 818 2840 Μέγης
860 2759 1153 2842 κόρυθος
1192 2759 1555 2848 χαλκήρεος
1601 2757 2030 2839 ίπποδασείης
2198 2773 2305 2824 535

302 2863 639 2947 κύμβαχον
686 2861 1048 2948 ἀκρότατον
1093 2858 1241 2940 νύξ’
1295 2865 1474 2947 ἔγχει·
1515 2861 1833 2945 ὀξυόεντι,

303 2967 455 3052 ῥῆξε
501 2966 561 3034 δ’
615 2964 722 3053 ἀφ’
773 2965 1035 3034 ἵππειον
1081 2970 1297 3052 λόφον
1343 2968 1576 3035 αὐτοῦ·
1620 2976 1747 3046 πᾶς
1793 2966 1867 3034 δὲ
1911 2973 2149 3054 χαμᾶζε

300 3074 630 3140 κάππεσεν
676 3073 748 3139 ἐν
792 3076 1076 3159 κονίῃσι,
1121 3073 1280 3141 νέον
1328 3077 1582 3158 φοίνικι
1629 3077 1919 3158 φαεινός.

301 3172 436 3257 εἷος
480 3179 517 3245 ὁ
564 3187 655 3268 τῷ
700 3178 1001 3263 πολέμιζε
1045 3178 1288 3264 μένων,
1337 3182 1431 3245 ἔτι
1479 3177 1545 3244 δ’
1598 3181 1828 3246 ἔλπετο
1874 3183 2091 3264 νίκην,

299 3289 516 3371 τόφρα
563 3284 641 3351 δέ
683 3285 754 3350 οἰ
791 3282 1140 3362 Μενέλαος
1186 3285 1415 3369 ἀρήιος
1455 3280 1668 3368 ἦλθεν
1715 3285 2047 3369 ἀμύντωρ,
2201 3303 2295 3355 540

300 3404 419 3478 στῆ
459 3391 519 3459 δ’
558 3385 753 3478 εὐρὰξ
790 3394 918 3458 σὺν
956 3391 1150 3477 δουρὶ
1186 3393 1440 3477 λαθών,
1479 3392 1636 3476 βάλε
1675 3390 1736 3456 δ’
1782 3388 1964 3477 ὦμον
2003 3395 2297 3460 ὄπισθεν·

300 3500 497 3585 αἰχμὴ
547 3496 620 3564 δὲ
666 3496 968 3587 στέρνοιο
1015 3498 1323 3565 διέσσυτο
1370 3499 1753 3584 μαιμώωσα,
