2525 3884
328 203 456 268 110
857 150 861 155 U
1119 201 1421 254 ΙΛΙΑΔοΣ
1456 203 1517 255 Ρ.

323 348 572 411 πολλὸν
615 345 1025 430 ἀφεσταότες.
1103 341 1208 410 τοὶ
1246 341 1310 409 δ’
1353 343 1427 409 έν
1464 341 1641 431 μέσῳ
1678 342 1856 427 ἄλγε’
1900 347 2186 429 ἔπασχον
2225 326 2340 410 376

323 451 468 537 ἠέρι
510 450 622 518 καὶ
663 449 958 539 πολέμῳ,
1001 453 1303 535 τείροντο
1350 447 1425 514 δὲ
1470 449 1662 534 νηλέι·
1700 455 1949 537 χαλκῷ,

325 558 515 622 ὅσσοι
558 558 814 642 ἄριστοι
858 559 1035 622 ἔσαν.
1125 557 1248 622 δύο
1295 553 1359 621 δ’
1405 556 1488 621 οὔ
1523 577 1627 621 πω
1673 567 1851 640 φῶτε
1895 558 2281 640 πεπύσθην,

264 729 269 733 ,
325 662 518 749 ἀνέρε
558 665 927 747 κυδαλίμω,
974 664 1417 748 Θρασυμήδης
1454 659 1826 746 Ἀντίλοχός
1868 685 1965 746 τε,

327 771 739 854 Πατρόκλοιο
783 771 1117 844 θανόντος
1161 768 1528 852 ἀμύμονος,
1585 763 1728 832 ἀλλ’
1772 763 1862 833 ἔτ’
1905 771 2151 853 ἔφαντο

327 876 494 953 ζωὸν
539 872 641 941 ἐνὶ
683 875 917 961 πρώτῳ
964 873 1189 960 ὁμάδῳ
1242 873 1536 957 Τρώεσσι
1582 874 1922 958 μάχεσθαι.
2225 889 2332 940 380

324 982 414 1046 τὼ
464 975 525 1046 δ’
568 976 1014 1062 ἐπιοσσομένω
1059 979 1360 1044 θάνατον
1405 977 1515 1044 καὶ
1560 981 1776 1064 φύζαν
1823 977 2100 1063 ἑταίρων

324 1090 572 1172 νόσφιν
616 1085 1074 1170 ἐμαρνάσθην,
1121 1083 1261 1150 ἐπεὶ
1309 1079 1398 1162 ὧς
1442 1082 1813 1151 ἐπετέλλετο
1862 1085 2138 1171 Νέστωρ

328 1192 627 1279 ὀτρύνων
670 1193 1035 1276 πολεμόνδε
1081 1192 1457 1276 μελαινάων
1503 1190 1630 1257 ἀπὸ
1677 1202 1875 1274 νηῶν.

275 1322 285 1329 ·
353 1372 358 1377 ,
411 1309 551 1376 τοῖς
595 1293 670 1365 δὲ
712 1301 1142 1384 πανημερίοις
1187 1299 1407 1384 ἔριδος
1452 1295 1619 1382 μέγα
1662 1309 1881 1375 νεῖκος
1926 1299 2207 1383 ὀρώρειν

327 1402 673 1491 ἀργαλέης·
716 1404 979 1491 καμάτῳ
1027 1399 1102 1469 δὲ
1143 1401 1254 1469 καὶ
1301 1404 1465 1492 ἱδρῷ
1511 1401 1798 1489 νωλεμὲς
1841 1402 1968 1470 αἰεὶ
2223 1421 2326 1471 385

325 1510 617 1595 γούνατά
658 1532 730 1575 τε
772 1511 1026 1594 κνῆμαί
1059 1531 1133 1574 τε
1176 1511 1377 1587 πόδες
1419 1505 1493 1574 θ’
1536 1507 1907 1595 ὑπένερθεν
1952 1508 2230 1577 ἑκάστου

326 1614 536 1702 χεῖρές
578 1611 638 1680 τ’
682 1616 1031 1700 ὀφθαλμοί
1065 1637 1138 1680 τε
1181 1616 1555 1680 παλάσσετο
1601 1614 2076 1700 μαρναμένοιιν

328 1718 489 1807 ἀμφ’
533 1720 794 1804 ἀγαθὸν
837 1720 1218 1804 θεράποντα
1262 1722 1597 1798 ποδώκεος
1640 1723 1982 1787 Αἰακίδαο.

328 1829 419 1906 ὡς
461 1824 523 1894 δ’
567 1823 664 1894 ὅτ’
704 1826 873 1911 ἀνὴρ
916 1826 1189 1912 ταύροιο
1235 1826 1395 1910 βοὸς
1439 1827 1750 1911 μεγάλοιο
1787 1831 2015 1911 βοείην

327 1940 587 2000 λαοῖσιν
633 1933 771 2016 δώῃ
813 1932 1113 2016 τανύειν,
1160 1934 1549 2017 μεθύουσαν
1595 1932 1866 2018 ἀλοιφῇ·
2227 1954 2328 2003 390

290 2120 305 2133 ·
329 2040 670 2126 δεξάμενοι
714 2034 780 2104 δ’
824 2039 952 2125 ἄρα
994 2040 1106 2103 τοί
1141 2061 1218 2122 γε
1264 2039 1645 2116 διαστάντες
1688 2041 2051 2114 τανύουσιν

327 2142 621 2229 κυκλόσ’,
666 2146 847 2231 ἄφαρ
893 2141 975 2210 δέ
1011 2166 1081 2209 τε
1128 2146 1321 2229 ἰκμὰς
1366 2147 1513 2229 ἔβη,
1562 2146 1751 2211 δύνει
1795 2143 1877 2212 δέ
1914 2142 1971 2210 τ’
2014 2147 2254 2233 ἀλοιφὴ

328 2256 594 2319 πολλῶν
639 2250 994 2334 ἑλκόντων,
1039 2250 1314 2316 τάνυται
1361 2247 1443 2316 δέ
1480 2272 1552 2315 τε
1596 2260 1772 2317 πᾶσα
1820 2253 2085 2336 διαπρό·
2127 2314 2135 2322 .

331 2353 419 2435 ὧς
464 2358 535 2422 οἳ
570 2351 635 2441 γ’
678 2359 847 2422 ἔνθα
889 2354 999 2421 καὶ
1045 2358 1214 2422 ἔνθα
1257 2354 1462 2421 νέκυν
1507 2355 1699 2442 ὀλίγῃ
1744 2355 1846 2422 ἐνὶ
1888 2359 2067 2445 χώρῃ

330 2464 557 2530 ἕλκεον
601 2462 985 2547 ἀμφότεροι·
1030 2462 1202 2546 μάλα
1248 2459 1329 2528 δέ
1367 2478 1601 2547 σφισιν
1625 2464 1875 2529 ,ἔλπετο
1920 2468 2164 2549 θυμός,
2224 2483 2327 2532 395

336 2566 598 2655 Τρωσὶν
643 2563 764 2652 μὲν
809 2565 1030 2652 ἐρύειν
1072 2565 1269 2653 προτὶ
1295 2566 1540 2651 Ἴλιον,
1589 2568 1794 2652 αὐτὰρ
1836 2565 2117 2655 Ἀχαιοῖς

328 2683 493 2759 νῆας
536 2676 640 2740 ἔπι
684 2673 1056 2758 γλαφυράς·
1100 2670 1251 2757 περὶ
1297 2666 1364 2738 δ’
1403 2673 1612 2739 αὐτοῦ
1655 2679 1872 2758 μῶλος
1917 2676 2193 2761 ὀρώρειν

331 2781 582 2866 ἄγριος·
628 2776 794 2845 οὐδέ
830 2775 890 2843 κ’
915 2777 1118 2864 ’Ἄρης
1162 2781 1486 2856 λαοσσόος
1531 2777 1697 2846 οὐδέ
1734 2777 1796 2845 κ’
1834 2778 2087 2866 Ἀθήνη

330 2889 448 2952 τόν
490 2907 568 2970 γε
612 2876 826 2950 ίδοῦσ’
868 2878 1185 2967 ὀνόσαιτ’,
1231 2880 1380 2949 οὐδ’
1424 2886 1487 2950 εί
1527 2885 1702 2970 μάλα
1746 2910 1861 2970 μιν
1904 2890 2098 2971 χόλος
2143 2888 2284 2953 ἵκοι.

418 3001 606 3057 τοῖον
653 2991 820 3066 Ζεὺς
864 2986 970 3054 ἐπὶ
1006 2991 1371 3078 Πατρόκλῳ
1410 2989 1677 3077 ἀνδρῶν
1711 3013 1783 3056 τε
1819 2989 1929 3056 καὶ
1976 2992 2193 3058 ἵππων
2226 3006 2324 3060 400

330 3099 525 3181 ἤματι
567 3103 661 3184 τῷ
707 3094 1023 3161 ἐτάνυσσε
1066 3096 1273 3161 κακὸν
1315 3098 1545 3162 πόνον.
1638 3094 1785 3162 οὐδ’
1828 3098 1956 3183 ἄρα
2000 3099 2100 3163 πώ
2146 3121 2231 3163 τι-

330 3201 485 3290 ᾔδεε
528 3201 920 3286 Πάτροκλον
964 3203 1292 3285 τεθνηότα
1339 3202 1483 3278 δῖος
1520 3197 1880 3286 Ἀχιλλεύς·

330 3308 580 3375 πολλὸν
626 3306 751 3393 γάρ
798 3304 864 3393 ῤ’
910 3306 1246 3374 ἀπάνευθε
1290 3318 1464 3373 νεῶν
1509 3307 1846 3394 μάρναντο
1883 3309 2146 3391 θοάων,

330 3418 526 3499 τείχει
568 3413 700 3480 ὕπο
752 3414 1016 3499 Τρώων.
1104 3416 1182 3480 τό
1227 3438 1343 3499 μιν
1388 3413 1472 3480 ού
1515 3436 1674 3480 ποτε
1718 3417 1947 3481 ἔλπετο
1993 3422 2190 3504 θυμῷ

334 3522 691 3606 τεθνάμεν,
739 3518 901 3586 ἀλλὰ
949 3521 1114 3600 ζωόν
1122 3568 1143 3604 ,
1190 3517 1709 3606 ἐνιχριμφθέντα
1753 3522 2069 3608 πύλῃσιν,
2229 3539 2324 3590 405
