<?xml version="1.0" encoding="UTF-8"?>
<!DOCTYPE html PUBLIC "-//W3C//DTD XHTML 1.0 Transitional//EN"
    "http://www.w3.org/TR/xhtml1/DTD/xhtml1-transitional.dtd">
<html xmlns="http://www.w3.org/1999/xhtml" xml:lang="en" lang="en">
 <head>
  <title>
</title>
<meta http-equiv="Content-Type" content="text/html;charset=utf-8" />
  <meta name='ocr-system' content='tesseract 3.04.00' />
  <meta name='ocr-capabilities' content='ocr_page ocr_carea ocr_par ocr_line ocrx_word'/>
</head>
<body>
  <div class='ocr_page' id='page_1' title='image "./homeriilias00wolfgoog_0239.png"; bbox 0 0 2525 3884; ppageno 0'>
   <div class='ocr_carea' id='block_1_1' title="bbox 1004 200 2270 265">
    <p class='ocr_par' dir='ltr' id='par_1_1' title="bbox 1004 200 2270 265">
     <span class='ocr_line' id='line_1_1' title="bbox 1004 200 2270 265; baseline 0.006 -10"><span class='ocrx_word' id='word_1_1' title='bbox 1004 204 1305 256; x_wconf 70' lang='grc' dir='ltr'><strong><em>ΙΛιΑΔοΣ</em></strong></span> <span class='ocrx_word' id='word_1_2' title='bbox 1341 205 1538 255; x_wconf 83' lang='lat' dir='ltr'><strong>xxm.</strong></span> <span class='ocrx_word' id='word_1_3' title='bbox 2144 200 2270 265; x_wconf 79' lang='lat'><strong><em>227</em></strong></span> 
     </span>
    </p>
   </div>
   <div class='ocr_carea' id='block_1_2' title="bbox 262 341 2284 3668">
    <p class='ocr_par' dir='ltr' id='par_1_2' title="bbox 262 341 2272 1171">
     <span class='ocr_line' id='line_1_2' title="bbox 262 341 1994 431; baseline 0.001 -22"><span class='ocrx_word' id='word_1_4' title='bbox 262 344 527 428; x_wconf 75' lang='grc' dir='ltr'><strong><em>ἥκιστος</em></strong></span> <span class='ocrx_word' id='word_1_5' title='bbox 574 341 634 410; x_wconf 91' lang='grc' dir='ltr'><strong><em>δ’</em></strong></span> <span class='ocrx_word' id='word_1_6' title='bbox 676 342 761 429; x_wconf 83' lang='grc' dir='ltr'><strong><em>ἦν</em></strong></span> <span class='ocrx_word' id='word_1_7' title='bbox 808 347 1005 423; x_wconf 85' lang='grc' dir='ltr'><strong><em>αὐτὸς</em></strong></span> <span class='ocrx_word' id='word_1_8' title='bbox 1051 344 1409 431; x_wconf 79' lang='grc' dir='ltr'><strong><em>ἐλαυνέμεν</em></strong></span> <span class='ocrx_word' id='word_1_9' title='bbox 1455 341 1609 431; x_wconf 79' lang='grc' dir='ltr'><strong><em>ἅρμ’</em></strong></span> <span class='ocrx_word' id='word_1_10' title='bbox 1653 346 1726 414; x_wconf 80' lang='grc' dir='ltr'><strong><em>έν</em></strong></span> <span class='ocrx_word' id='word_1_11' title='bbox 1771 345 1994 431; x_wconf 83' lang='grc' dir='ltr'><strong><em>ἀγῶνι.</em></strong></span> 
     </span>
     <span class='ocr_line' id='line_1_3' title="bbox 263 447 1935 537; baseline 0.001 -22"><span class='ocrx_word' id='word_1_12' title='bbox 263 451 415 527; x_wconf 84' lang='grc' dir='ltr'><strong><em>υίὸς</em></strong></span> <span class='ocrx_word' id='word_1_13' title='bbox 462 448 524 515; x_wconf 89' lang='grc' dir='ltr'><strong><em>δ’</em></strong></span> <span class='ocrx_word' id='word_1_14' title='bbox 573 447 916 537; x_wconf 80' lang='grc' dir='ltr'><strong><em>Ἀδμήτοιο</em></strong></span> <span class='ocrx_word' id='word_1_15' title='bbox 962 453 1375 529; x_wconf 80' lang='grc' dir='ltr'><strong><em>πανύστατος</em></strong></span> <span class='ocrx_word' id='word_1_16' title='bbox 1417 454 1672 536; x_wconf 77' lang='grc' dir='ltr'><strong><em>ἤλυθεν</em></strong></span> <span class='ocrx_word' id='word_1_17' title='bbox 1718 454 1935 518; x_wconf 82' lang='grc' dir='ltr'><strong><em>ἄλλων</em></strong></span> 
     </span>
     <span class='ocr_line' id='line_1_4' title="bbox 262 556 2096 644; baseline 0.002 -24"><span class='ocrx_word' id='word_1_18' title='bbox 262 556 475 622; x_wconf 79' lang='grc' dir='ltr'><strong><em>ἕλκων</em></strong></span> <span class='ocrx_word' id='word_1_19' title='bbox 521 557 774 641; x_wconf 84' lang='grc' dir='ltr'><strong><em>ἅρματα</em></strong></span> <span class='ocrx_word' id='word_1_20' title='bbox 819 558 1017 640; x_wconf 89' lang='grc' dir='ltr'><strong><em>καλά,</em></strong></span> <span class='ocrx_word' id='word_1_21' title='bbox 1065 557 1365 624; x_wconf 82' lang='grc' dir='ltr'><strong><em>ἐλαύνων</em></strong></span> <span class='ocrx_word' id='word_1_22' title='bbox 1414 560 1795 644; x_wconf 77' lang='grc' dir='ltr'><strong><em>πρόσσοθεν</em></strong></span> <span class='ocrx_word' id='word_1_23' title='bbox 1840 560 2096 634; x_wconf 81' lang='grc' dir='ltr'><strong><em>ἵππους.</em></strong></span> 
     </span>
     <span class='ocr_line' id='line_1_5' title="bbox 262 658 1992 751; baseline 0.002 -25"><span class='ocrx_word' id='word_1_24' title='bbox 262 664 381 727; x_wconf 88' lang='grc' dir='ltr'><strong><em>τὸν</em></strong></span> <span class='ocrx_word' id='word_1_25' title='bbox 430 659 503 728; x_wconf 71' lang='grc' dir='ltr'><strong><em>δὲ</em></strong></span> <span class='ocrx_word' id='word_1_26' title='bbox 551 664 716 728; x_wconf 80' lang='grc' dir='ltr'><strong><em>ἰδὼν</em></strong></span> <span class='ocrx_word' id='word_1_27' title='bbox 761 661 1027 751; x_wconf 71' lang='grc' dir='ltr'><strong><em>ᾤκτειρε</em></strong></span> <span class='ocrx_word' id='word_1_28' title='bbox 1070 664 1407 749; x_wconf 90' lang='grc' dir='ltr'><strong><em>ποδάρκης</em></strong></span> <span class='ocrx_word' id='word_1_29' title='bbox 1454 666 1595 740; x_wconf 83' lang='grc' dir='ltr'><strong><em>δῖος</em></strong></span> <span class='ocrx_word' id='word_1_30' title='bbox 1635 658 1992 749; x_wconf 87' lang='grc' dir='ltr'><strong><em>Ἀχιλλεύς,</em></strong></span> 
     </span>
     <span class='ocr_line' id='line_1_6' title="bbox 264 763 2272 855; baseline 0 -23"><span class='ocrx_word' id='word_1_31' title='bbox 264 768 422 845; x_wconf 76' lang='grc' dir='ltr'><strong><em>στὰς</em></strong></span> <span class='ocrx_word' id='word_1_32' title='bbox 467 764 535 833; x_wconf 92' lang='grc' dir='ltr'><strong><em>δ’</em></strong></span> <span class='ocrx_word' id='word_1_33' title='bbox 577 763 687 854; x_wconf 75' lang='grc' dir='ltr'><strong><em>ἄρ’</em></strong></span> <span class='ocrx_word' id='word_1_34' title='bbox 738 768 813 834; x_wconf 82' lang='grc' dir='ltr'><strong><em>ἐν</em></strong></span> <span class='ocrx_word' id='word_1_35' title='bbox 853 764 1167 853; x_wconf 75' lang='grc' dir='ltr'><strong><em>Ἀργείοις</em></strong></span> <span class='ocrx_word' id='word_1_36' title='bbox 1213 772 1369 835; x_wconf 81' lang='grc' dir='ltr'><strong><em>ἔπεα</em></strong></span> <span class='ocrx_word' id='word_1_37' title='bbox 1412 764 1748 855; x_wconf 77' lang='grc' dir='ltr'><strong><em>πτερόεντ’</em></strong></span> <span class='ocrx_word' id='word_1_38' title='bbox 1789 768 2133 854; x_wconf 83' lang='grc' dir='ltr'><strong><em>ἀγόρευεν·</em></strong></span> <span class='ocrx_word' id='word_1_39' title='bbox 2170 783 2272 832; x_wconf 84' lang='grc'><strong><em>535</em></strong></span> 
     </span>
     <span class='ocr_line' id='line_1_7' title="bbox 264 873 2097 960; baseline 0 -22"><span class='ocrx_word' id='word_1_40' title='bbox 264 879 586 956; x_wconf 80' lang='grc' dir='ltr'><strong><em>,,λοῖσθος</em></strong></span> <span class='ocrx_word' id='word_1_41' title='bbox 632 873 800 958; x_wconf 78' lang='grc' dir='ltr'><strong><em>ἀνὴρ</em></strong></span> <span class='ocrx_word' id='word_1_42' title='bbox 848 875 1125 957; x_wconf 77' lang='grc' dir='ltr'><strong><em>ὤριστος</em></strong></span> <span class='ocrx_word' id='word_1_43' title='bbox 1171 875 1431 940; x_wconf 82' lang='grc' dir='ltr'><strong><em>ἐλαύνει</em></strong></span> <span class='ocrx_word' id='word_1_44' title='bbox 1476 876 1783 960; x_wconf 82' lang='grc' dir='ltr'><strong><em>μώνυχας</em></strong></span> <span class='ocrx_word' id='word_1_45' title='bbox 1832 874 2097 950; x_wconf 87' lang='grc' dir='ltr'><strong><em>ἵππους·</em></strong></span> 
     </span>
     <span class='ocr_line' id='line_1_8' title="bbox 264 974 1913 1064; baseline 0.001 -21"><span class='ocrx_word' id='word_1_46' title='bbox 264 974 409 1044; x_wconf 90' lang='grc' dir='ltr'><strong><em>ἀλλ’</em></strong></span> <span class='ocrx_word' id='word_1_47' title='bbox 453 980 568 1061; x_wconf 75' lang='grc' dir='ltr'><strong><em>ἄγε</em></strong></span> <span class='ocrx_word' id='word_1_48' title='bbox 616 981 699 1062; x_wconf 83' lang='grc' dir='ltr'><strong><em>δή</em></strong></span> <span class='ocrx_word' id='word_1_49' title='bbox 746 980 817 1045; x_wconf 76' lang='grc' dir='ltr'><strong><em>οἱ</em></strong></span> <span class='ocrx_word' id='word_1_50' title='bbox 857 981 1076 1064; x_wconf 82' lang='grc' dir='ltr'><strong><em>δῶμεν</em></strong></span> <span class='ocrx_word' id='word_1_51' title='bbox 1122 980 1429 1063; x_wconf 79' lang='grc' dir='ltr'><strong><em>ἀέθλιον,</em></strong></span> <span class='ocrx_word' id='word_1_52' title='bbox 1476 982 1564 1058; x_wconf 80' lang='grc' dir='ltr'><strong><em>ὡς</em></strong></span> <span class='ocrx_word' id='word_1_53' title='bbox 1609 978 1913 1062; x_wconf 77' lang='grc' dir='ltr'><strong><em>ἐπιεικές,</em></strong></span> 
     </span>
     <span class='ocr_line' id='line_1_9' title="bbox 266 1081 2065 1171; baseline 0 -23"><span class='ocrx_word' id='word_1_54' title='bbox 266 1081 557 1168; x_wconf 79' lang='grc' dir='ltr'><strong><em>δεύτερ’·</em></strong></span> <span class='ocrx_word' id='word_1_55' title='bbox 603 1084 765 1171; x_wconf 74' lang='grc' dir='ltr'><strong><em>ἀτὰρ</em></strong></span> <span class='ocrx_word' id='word_1_56' title='bbox 809 1087 890 1151; x_wconf 81' lang='grc' dir='ltr'><strong><em>τὰ</em></strong></span> <span class='ocrx_word' id='word_1_57' title='bbox 930 1097 1157 1169; x_wconf 79' lang='grc' dir='ltr'><strong><em>πρῶτα</em></strong></span> <span class='ocrx_word' id='word_1_58' title='bbox 1203 1086 1515 1171; x_wconf 79' lang='grc' dir='ltr'><strong><em>φερέσθω</em></strong></span> <span class='ocrx_word' id='word_1_59' title='bbox 1568 1084 1817 1163; x_wconf 82' lang='grc' dir='ltr'><strong><em>Τυδέος</em></strong></span> <span class='ocrx_word' id='word_1_60' title='bbox 1860 1086 2065 1161; x_wconf 82' lang='grc' dir='ltr'><strong><em>υίός.“</em></strong></span> 
     </span>
    </p>

    <p class='ocr_par' dir='ltr' id='par_1_3' title="bbox 263 1186 2280 2864">
     <span class='ocr_line' id='line_1_10' title="bbox 355 1186 2274 1277; baseline -0.001 -20"><span class='ocrx_word' id='word_1_61' title='bbox 355 1186 444 1268; x_wconf 79' lang='grc' dir='ltr'><strong><em>ὥς</em></strong></span> <span class='ocrx_word' id='word_1_62' title='bbox 487 1188 724 1275; x_wconf 79' lang='grc' dir='ltr'><strong><em>ἔφαθ’,</em></strong></span> <span class='ocrx_word' id='word_1_63' title='bbox 784 1192 854 1255; x_wconf 78' lang='grc' dir='ltr'><strong><em>οῖ’</em></strong></span> <span class='ocrx_word' id='word_1_64' title='bbox 909 1187 970 1255; x_wconf 92' lang='grc' dir='ltr'><strong><em>δ’</em></strong></span> <span class='ocrx_word' id='word_1_65' title='bbox 1013 1192 1141 1276; x_wconf 79' lang='grc' dir='ltr'><strong><em>ἄρα</em></strong></span> <span class='ocrx_word' id='word_1_66' title='bbox 1183 1192 1423 1268; x_wconf 89' lang='grc' dir='ltr'><strong><em>πάντες</em></strong></span> <span class='ocrx_word' id='word_1_67' title='bbox 1468 1192 1778 1277; x_wconf 76' lang='grc' dir='ltr'><strong><em>ἐπῄνεον,</em></strong></span> <span class='ocrx_word' id='word_1_68' title='bbox 1825 1192 1914 1268; x_wconf 85' lang='grc' dir='ltr'><strong><em>ὡς</em></strong></span> <span class='ocrx_word' id='word_1_69' title='bbox 1957 1190 2274 1257; x_wconf 79' lang='grc' dir='ltr'><strong><em>ἐκέλευεν.</em></strong></span> 
     </span>
     <span class='ocr_line' id='line_1_11' title="bbox 263 1293 2276 1383; baseline 0 -21"><span class='ocrx_word' id='word_1_70' title='bbox 263 1300 384 1363; x_wconf 86' lang='grc' dir='ltr'><strong><em>καί</em></strong></span> <span class='ocrx_word' id='word_1_71' title='bbox 419 1297 508 1363; x_wconf 92' lang='grc' dir='ltr'><strong><em>νύ</em></strong></span> <span class='ocrx_word' id='word_1_72' title='bbox 552 1295 631 1363; x_wconf 86' lang='grc' dir='ltr'><strong><em>κέ</em></strong></span> <span class='ocrx_word' id='word_1_73' title='bbox 661 1297 734 1362; x_wconf 71' lang='grc' dir='ltr'><strong><em>οἱ</em></strong></span> <span class='ocrx_word' id='word_1_74' title='bbox 771 1299 976 1383; x_wconf 85' lang='grc' dir='ltr'><strong><em>πόρεν</em></strong></span> <span class='ocrx_word' id='word_1_75' title='bbox 1024 1297 1255 1380; x_wconf 89' lang='grc' dir='ltr'><strong><em>ἵππον,</em></strong></span> <span class='ocrx_word' id='word_1_76' title='bbox 1303 1293 1641 1382; x_wconf 82' lang='grc' dir='ltr'><strong><em>ἐπῄνησαν</em></strong></span> <span class='ocrx_word' id='word_1_77' title='bbox 1684 1298 1810 1380; x_wconf 81' lang='grc' dir='ltr'><strong><em>γὰρ</em></strong></span> <span class='ocrx_word' id='word_1_78' title='bbox 1851 1293 2126 1381; x_wconf 87' lang='grc' dir='ltr'><strong><em>Ἀχαιοί,</em></strong></span> <span class='ocrx_word' id='word_1_79' title='bbox 2172 1313 2276 1362; x_wconf 82' lang='grc'><strong><em>540</em></strong></span> 
     </span>
     <span class='ocr_line' id='line_1_12' title="bbox 265 1398 2039 1488; baseline 0.001 -22"><span class='ocrx_word' id='word_1_80' title='bbox 265 1404 330 1466; x_wconf 86' lang='grc' dir='ltr'><strong><em>εί</em></strong></span> <span class='ocrx_word' id='word_1_81' title='bbox 372 1404 461 1487; x_wconf 85' lang='grc' dir='ltr'><strong><em>μὴ</em></strong></span> <span class='ocrx_word' id='word_1_82' title='bbox 505 1398 612 1487; x_wconf 80' lang='grc' dir='ltr'><strong><em>ἄρ’</em></strong></span> <span class='ocrx_word' id='word_1_83' title='bbox 658 1398 1028 1487; x_wconf 88' lang='grc' dir='ltr'><strong><em>Ἀντίλοχος</em></strong></span> <span class='ocrx_word' id='word_1_84' title='bbox 1071 1402 1467 1488; x_wconf 76' lang='grc' dir='ltr'><strong><em>μεγαθύμου</em></strong></span> <span class='ocrx_word' id='word_1_85' title='bbox 1511 1402 1850 1488; x_wconf 80' lang='grc' dir='ltr'><strong><em>Νέστορος</em></strong></span> <span class='ocrx_word' id='word_1_86' title='bbox 1894 1403 2039 1478; x_wconf 78' lang='grc' dir='ltr'><strong><em>υίὸς</em></strong></span> 
     </span>
     <span class='ocr_line' id='line_1_13' title="bbox 271 1505 1814 1594; baseline -0.001 -21"><span class='ocrx_word' id='word_1_87' title='bbox 271 1509 614 1592; x_wconf 81' lang='grc' dir='ltr'><strong><em>Πηλεΐδην</em></strong></span> <span class='ocrx_word' id='word_1_88' title='bbox 655 1505 917 1593; x_wconf 84' lang='grc' dir='ltr'><strong><em>Ἀχιλῆα</em></strong></span> <span class='ocrx_word' id='word_1_89' title='bbox 963 1509 1112 1594; x_wconf 89' lang='grc' dir='ltr'><strong><em>δίκῃ</em></strong></span> <span class='ocrx_word' id='word_1_90' title='bbox 1158 1505 1461 1592; x_wconf 77' lang='grc' dir='ltr'><strong><em>ἠμείψατ’</em></strong></span> <span class='ocrx_word' id='word_1_91' title='bbox 1507 1506 1814 1584; x_wconf 87' lang='grc' dir='ltr'><strong><em>ἀναστάς·</em></strong></span> 
     </span>
     <span class='ocr_line' id='line_1_14' title="bbox 267 1610 2166 1699; baseline 0 -20"><span class='ocrx_word' id='word_1_92' title='bbox 267 1610 368 1697; x_wconf 82' lang='grc' dir='ltr'><strong><em>,,ὦ</em></strong></span> <span class='ocrx_word' id='word_1_93' title='bbox 407 1610 692 1699; x_wconf 91' lang='grc' dir='ltr'><strong><em>Ἀχιλεῦ,</em></strong></span> <span class='ocrx_word' id='word_1_94' title='bbox 738 1614 909 1698; x_wconf 89' lang='grc' dir='ltr'><strong><em>μάλα</em></strong></span> <span class='ocrx_word' id='word_1_95' title='bbox 954 1637 1056 1679; x_wconf 88' lang='grc' dir='ltr'><strong><em>τοι</em></strong></span> <span class='ocrx_word' id='word_1_96' title='bbox 1100 1614 1581 1698; x_wconf 81' lang='grc' dir='ltr'><strong><em>κεχολώσομαι,</em></strong></span> <span class='ocrx_word' id='word_1_97' title='bbox 1629 1619 1706 1679; x_wconf 81' lang='grc' dir='ltr'><strong><em>αἴ</em></strong></span> <span class='ocrx_word' id='word_1_98' title='bbox 1740 1637 1814 1678; x_wconf 91' lang='grc' dir='ltr'><strong><em>κε</em></strong></span> <span class='ocrx_word' id='word_1_99' title='bbox 1858 1612 2166 1699; x_wconf 79' lang='grc' dir='ltr'><strong><em>τελέσσῃς</em></strong></span> 
     </span>
     <span class='ocr_line' id='line_1_15' title="bbox 266 1717 2026 1805; baseline -0.001 -20"><span class='ocrx_word' id='word_1_100' title='bbox 266 1728 464 1785; x_wconf 89' lang='grc' dir='ltr'><strong><em>τοῦτο</em></strong></span> <span class='ocrx_word' id='word_1_101' title='bbox 511 1724 691 1797; x_wconf 76' lang='grc' dir='ltr'><strong><em>ἔπος·</em></strong></span> <span class='ocrx_word' id='word_1_102' title='bbox 737 1717 993 1803; x_wconf 81' lang='grc' dir='ltr'><strong><em>μέλλεις</em></strong></span> <span class='ocrx_word' id='word_1_103' title='bbox 1033 1721 1160 1803; x_wconf 82' lang='grc' dir='ltr'><strong><em>γὰρ</em></strong></span> <span class='ocrx_word' id='word_1_104' title='bbox 1207 1718 1702 1805; x_wconf 80' lang='grc' dir='ltr'><strong><em>ἀφαιρήσεσθαι</em></strong></span> <span class='ocrx_word' id='word_1_105' title='bbox 1746 1720 2026 1802; x_wconf 75' lang='grc' dir='ltr'><strong><em>ἄεθλον,</em></strong></span> 
     </span>
     <span class='ocr_line' id='line_1_16' title="bbox 267 1820 2273 1911; baseline 0 -21"><span class='ocrx_word' id='word_1_106' title='bbox 267 1828 349 1890; x_wconf 78' lang='grc' dir='ltr'><strong><em>τὰ</em></strong></span> <span class='ocrx_word' id='word_1_107' title='bbox 396 1823 731 1911; x_wconf 79' lang='grc' dir='ltr'><strong><em>φρονέων,</em></strong></span> <span class='ocrx_word' id='word_1_108' title='bbox 778 1825 881 1890; x_wconf 84' lang='grc' dir='ltr'><strong><em>ὄτι</em></strong></span> <span class='ocrx_word' id='word_1_109' title='bbox 925 1824 995 1888; x_wconf 78' lang='grc' dir='ltr'><strong><em>οἰ</em></strong></span> <span class='ocrx_word' id='word_1_110' title='bbox 1035 1824 1280 1907; x_wconf 89' lang='grc' dir='ltr'><strong><em>βλάβεν</em></strong></span> <span class='ocrx_word' id='word_1_111' title='bbox 1317 1825 1570 1909; x_wconf 79' lang='grc' dir='ltr'><strong><em>ἅρματα</em></strong></span> <span class='ocrx_word' id='word_1_112' title='bbox 1605 1820 1716 1889; x_wconf 89' lang='grc' dir='ltr'><strong><em>καὶ</em></strong></span> <span class='ocrx_word' id='word_1_113' title='bbox 1751 1821 1924 1909; x_wconf 85' lang='grc' dir='ltr'><strong><em>ταχέ’</em></strong></span> <span class='ocrx_word' id='word_1_114' title='bbox 1960 1826 2131 1891; x_wconf 90' lang='grc' dir='ltr'><strong><em>ἵππω</em></strong></span> <span class='ocrx_word' id='word_1_115' title='bbox 2172 1841 2273 1891; x_wconf 80' lang='grc'><strong><em>545</em></strong></span> 
     </span>
     <span class='ocr_line' id='line_1_17' title="bbox 269 1925 2067 2015; baseline -0.001 -19"><span class='ocrx_word' id='word_1_116' title='bbox 269 1932 467 2008; x_wconf 85' lang='grc' dir='ltr'><strong><em>αὐτός</em></strong></span> <span class='ocrx_word' id='word_1_117' title='bbox 509 1926 569 1995; x_wconf 90' lang='grc' dir='ltr'><strong><em>τ’</em></strong></span> <span class='ocrx_word' id='word_1_118' title='bbox 614 1930 853 2007; x_wconf 79' lang='grc' dir='ltr'><strong><em>ἐσθλὸς</em></strong></span> <span class='ocrx_word' id='word_1_119' title='bbox 899 1929 1044 1996; x_wconf 83' lang='grc' dir='ltr'><strong><em>ἐών.</em></strong></span> <span class='ocrx_word' id='word_1_120' title='bbox 1137 1925 1284 1995; x_wconf 86' lang='grc' dir='ltr'><strong><em>ἀλλ’</em></strong></span> <span class='ocrx_word' id='word_1_121' title='bbox 1326 1931 1584 2015; x_wconf 75' lang='grc' dir='ltr'><strong><em>ὤφελεν</em></strong></span> <span class='ocrx_word' id='word_1_122' title='bbox 1630 1930 2067 1996; x_wconf 77' lang='grc' dir='ltr'><strong><em>ἀθανάτοισιν</em></strong></span> 
     </span>
     <span class='ocr_line' id='line_1_18' title="bbox 270 2031 2080 2124; baseline -0.001 -22"><span class='ocrx_word' id='word_1_123' title='bbox 270 2038 610 2122; x_wconf 84' lang='grc' dir='ltr'><strong><em>εὔχεσθαι·</em></strong></span> <span class='ocrx_word' id='word_1_124' title='bbox 654 2044 745 2124; x_wconf 74' lang='grc' dir='ltr'><strong><em>τῷ</em></strong></span> <span class='ocrx_word' id='word_1_125' title='bbox 790 2031 851 2101; x_wconf 86' lang='grc' dir='ltr'><strong><em>κ’</em></strong></span> <span class='ocrx_word' id='word_1_126' title='bbox 894 2037 977 2102; x_wconf 84' lang='grc' dir='ltr'><strong><em>οὔ</em></strong></span> <span class='ocrx_word' id='word_1_127' title='bbox 1022 2061 1086 2101; x_wconf 87' lang='grc' dir='ltr'><strong><em>τι</em></strong></span> <span class='ocrx_word' id='word_1_128' title='bbox 1129 2037 1544 2113; x_wconf 88' lang='grc' dir='ltr'><strong><em>πανύστατος</em></strong></span> <span class='ocrx_word' id='word_1_129' title='bbox 1586 2031 1755 2119; x_wconf 83' lang='grc' dir='ltr'><strong><em>ἦλθε</em></strong></span> <span class='ocrx_word' id='word_1_130' title='bbox 1803 2037 2080 2101; x_wconf 84' lang='grc' dir='ltr'><strong><em>διώκων.</em></strong></span> 
     </span>
     <span class='ocr_line' id='line_1_19' title="bbox 273 2143 2086 2228; baseline -0.001 -20"><span class='ocrx_word' id='word_1_131' title='bbox 273 2145 335 2208; x_wconf 88' lang='grc' dir='ltr'><strong><em>εί</em></strong></span> <span class='ocrx_word' id='word_1_132' title='bbox 377 2143 456 2209; x_wconf 89' lang='grc' dir='ltr'><strong><em>δέ</em></strong></span> <span class='ocrx_word' id='word_1_133' title='bbox 494 2167 610 2227; x_wconf 92' lang='grc' dir='ltr'><strong><em>μιν</em></strong></span> <span class='ocrx_word' id='word_1_134' title='bbox 656 2144 993 2226; x_wconf 80' lang='grc' dir='ltr'><strong><em>οἰκτείρεις</em></strong></span> <span class='ocrx_word' id='word_1_135' title='bbox 1036 2146 1153 2208; x_wconf 90' lang='grc' dir='ltr'><strong><em>καί</em></strong></span> <span class='ocrx_word' id='word_1_136' title='bbox 1190 2166 1296 2208; x_wconf 91' lang='grc' dir='ltr'><strong><em>τοι</em></strong></span> <span class='ocrx_word' id='word_1_137' title='bbox 1342 2146 1538 2226; x_wconf 88' lang='grc' dir='ltr'><strong><em>φίλος</em></strong></span> <span class='ocrx_word' id='word_1_138' title='bbox 1582 2145 1811 2207; x_wconf 81' lang='grc' dir='ltr'><strong><em>ἔπλετο</em></strong></span> <span class='ocrx_word' id='word_1_139' title='bbox 1857 2148 2086 2228; x_wconf 73' lang='grc' dir='ltr'><strong><em>θυμῷ,</em></strong></span> 
     </span>
     <span class='ocr_line' id='line_1_20' title="bbox 272 2242 2094 2334; baseline -0.002 -20"><span class='ocrx_word' id='word_1_140' title='bbox 272 2250 411 2314; x_wconf 81' lang='grc' dir='ltr'><strong><em>ἔστι</em></strong></span> <span class='ocrx_word' id='word_1_141' title='bbox 453 2272 555 2314; x_wconf 92' lang='grc' dir='ltr'><strong><em>τοι</em></strong></span> <span class='ocrx_word' id='word_1_142' title='bbox 601 2248 673 2313; x_wconf 84' lang='grc' dir='ltr'><strong><em>ἐν</em></strong></span> <span class='ocrx_word' id='word_1_143' title='bbox 717 2252 936 2334; x_wconf 80' lang='grc' dir='ltr'><strong><em>κλισίῃ</em></strong></span> <span class='ocrx_word' id='word_1_144' title='bbox 982 2250 1226 2334; x_wconf 88' lang='grc' dir='ltr'><strong><em>χρυσὸς</em></strong></span> <span class='ocrx_word' id='word_1_145' title='bbox 1271 2249 1505 2330; x_wconf 89' lang='grc' dir='ltr'><strong><em>πολύς,</em></strong></span> <span class='ocrx_word' id='word_1_146' title='bbox 1554 2250 1692 2313; x_wconf 80' lang='grc' dir='ltr'><strong><em>ἔστι</em></strong></span> <span class='ocrx_word' id='word_1_147' title='bbox 1738 2242 1813 2313; x_wconf 70' lang='grc' dir='ltr'><strong><em>δὲ</em></strong></span> <span class='ocrx_word' id='word_1_148' title='bbox 1856 2249 2094 2332; x_wconf 89' lang='grc' dir='ltr'><strong><em>χαλκὸς</em></strong></span> 
     </span>
     <span class='ocr_line' id='line_1_21' title="bbox 271 2348 2280 2439; baseline 0 -20"><span class='ocrx_word' id='word_1_149' title='bbox 271 2352 381 2419; x_wconf 85' lang='grc' dir='ltr'><strong><em>καὶ</em></strong></span> <span class='ocrx_word' id='word_1_150' title='bbox 425 2348 726 2438; x_wconf 87' lang='grc' dir='ltr'><strong><em>πρόβατ’,</em></strong></span> <span class='ocrx_word' id='word_1_151' title='bbox 773 2351 900 2419; x_wconf 81' lang='grc' dir='ltr'><strong><em>εἰσὶ</em></strong></span> <span class='ocrx_word' id='word_1_152' title='bbox 937 2351 1016 2419; x_wconf 83' lang='grc' dir='ltr'><strong><em>δέ</em></strong></span> <span class='ocrx_word' id='word_1_153' title='bbox 1054 2376 1158 2418; x_wconf 90' lang='grc' dir='ltr'><strong><em>τοι</em></strong></span> <span class='ocrx_word' id='word_1_154' title='bbox 1195 2351 1410 2437; x_wconf 86' lang='grc' dir='ltr'><strong><em>δμωαὶ</em></strong></span> <span class='ocrx_word' id='word_1_155' title='bbox 1444 2351 1554 2418; x_wconf 83' lang='grc' dir='ltr'><strong><em>καὶ</em></strong></span> <span class='ocrx_word' id='word_1_156' title='bbox 1590 2353 1887 2439; x_wconf 86' lang='grc' dir='ltr'><strong><em>μώνυχες</em></strong></span> <span class='ocrx_word' id='word_1_157' title='bbox 1923 2353 2133 2418; x_wconf 89' lang='grc' dir='ltr'><strong><em>ἵπποι·</em></strong></span> <span class='ocrx_word' id='word_1_158' title='bbox 2176 2369 2280 2419; x_wconf 90' lang='grc'><strong><em>550</em></strong></span> 
     </span>
     <span class='ocr_line' id='line_1_22' title="bbox 271 2454 2126 2544; baseline 0.001 -20"><span class='ocrx_word' id='word_1_159' title='bbox 271 2469 406 2525; x_wconf 83' lang='grc' dir='ltr'><strong><em>τῶν</em></strong></span> <span class='ocrx_word' id='word_1_160' title='bbox 454 2460 525 2525; x_wconf 83' lang='lat' dir='ltr'><strong><em>oc</em></strong></span> <span class='ocrx_word' id='word_1_161' title='bbox 564 2454 759 2525; x_wconf 85' lang='grc' dir='ltr'><strong><em>ἔπειτ’</em></strong></span> <span class='ocrx_word' id='word_1_162' title='bbox 802 2458 1058 2526; x_wconf 82' lang='grc' dir='ltr'><strong><em>ἀνελὼν</em></strong></span> <span class='ocrx_word' id='word_1_163' title='bbox 1106 2460 1380 2543; x_wconf 88' lang='grc' dir='ltr'><strong><em>δόμεναι</em></strong></span> <span class='ocrx_word' id='word_1_164' title='bbox 1423 2457 1533 2525; x_wconf 83' lang='grc' dir='ltr'><strong><em>καὶ</em></strong></span> <span class='ocrx_word' id='word_1_165' title='bbox 1579 2463 1799 2544; x_wconf 81' lang='grc' dir='ltr'><strong><em>μεῖζον</em></strong></span> <span class='ocrx_word' id='word_1_166' title='bbox 1845 2460 2126 2543; x_wconf 74' lang='grc' dir='ltr'><strong><em>ἄεθλον,</em></strong></span> 
     </span>
     <span class='ocr_line' id='line_1_23' title="bbox 272 2560 1962 2651; baseline 0.001 -22"><span class='ocrx_word' id='word_1_167' title='bbox 272 2562 347 2648; x_wconf 76' lang='grc' dir='ltr'><strong><em>ἠὲ</em></strong></span> <span class='ocrx_word' id='word_1_168' title='bbox 392 2562 504 2630; x_wconf 88' lang='grc' dir='ltr'><strong><em>καὶ</em></strong></span> <span class='ocrx_word' id='word_1_169' title='bbox 549 2564 780 2631; x_wconf 85' lang='grc' dir='ltr'><strong><em>αὐτίκα</em></strong></span> <span class='ocrx_word' id='word_1_170' title='bbox 826 2575 982 2648; x_wconf 92' lang='grc' dir='ltr'><strong><em>νῦν,</em></strong></span> <span class='ocrx_word' id='word_1_171' title='bbox 1032 2565 1142 2630; x_wconf 87' lang='grc' dir='ltr'><strong><em>ἵνα</em></strong></span> <span class='ocrx_word' id='word_1_172' title='bbox 1188 2560 1250 2630; x_wconf 88' lang='grc' dir='ltr'><strong><em>σ’</em></strong></span> <span class='ocrx_word' id='word_1_173' title='bbox 1296 2567 1657 2649; x_wconf 81' lang='grc' dir='ltr'><strong><em>αἰνήσωσιν</em></strong></span> <span class='ocrx_word' id='word_1_174' title='bbox 1698 2560 1962 2651; x_wconf 86' lang='grc' dir='ltr'><strong><em>Ἀχαιοί.</em></strong></span> 
     </span>
     <span class='ocr_line' id='line_1_24' title="bbox 271 2665 2040 2757; baseline 0.002 -23"><span class='ocrx_word' id='word_1_175' title='bbox 271 2672 396 2754; x_wconf 82' lang='grc' dir='ltr'><strong><em>τὴν</em></strong></span> <span class='ocrx_word' id='word_1_176' title='bbox 442 2665 504 2735; x_wconf 90' lang='grc' dir='ltr'><strong><em>δ’</em></strong></span> <span class='ocrx_word' id='word_1_177' title='bbox 549 2670 676 2754; x_wconf 80' lang='grc' dir='ltr'><strong><em>ἐγὼ</em></strong></span> <span class='ocrx_word' id='word_1_178' title='bbox 723 2671 804 2735; x_wconf 87' lang='grc' dir='ltr'><strong><em>οὐ</em></strong></span> <span class='ocrx_word' id='word_1_179' title='bbox 851 2672 1070 2736; x_wconf 86' lang='grc' dir='ltr'><strong><em>δώσω·</em></strong></span> <span class='ocrx_word' id='word_1_180' title='bbox 1116 2669 1269 2755; x_wconf 87' lang='grc' dir='ltr'><strong><em>περὶ</em></strong></span> <span class='ocrx_word' id='word_1_181' title='bbox 1316 2667 1377 2736; x_wconf 89' lang='grc' dir='ltr'><strong><em>δ’</em></strong></span> <span class='ocrx_word' id='word_1_182' title='bbox 1419 2672 1620 2756; x_wconf 83' lang='grc' dir='ltr'><strong><em>αὐτῆς</em></strong></span> <span class='ocrx_word' id='word_1_183' title='bbox 1662 2675 2040 2757; x_wconf 84' lang='grc' dir='ltr'><strong><em>πειρηθήτω</em></strong></span> 
     </span>
     <span class='ocr_line' id='line_1_25' title="bbox 273 2772 2076 2864; baseline 0.001 -23"><span class='ocrx_word' id='word_1_184' title='bbox 273 2776 541 2863; x_wconf 83' lang='grc' dir='ltr'><strong><em>ἀνδρῶν</em></strong></span> <span class='ocrx_word' id='word_1_185' title='bbox 587 2778 661 2853; x_wconf 82' lang='grc' dir='ltr'><strong><em>ὃς</em></strong></span> <span class='ocrx_word' id='word_1_186' title='bbox 701 2772 764 2841; x_wconf 85' lang='grc' dir='ltr'><strong><em>κ’</em></strong></span> <span class='ocrx_word' id='word_1_187' title='bbox 806 2776 1119 2861; x_wconf 82' lang='grc' dir='ltr'><strong><em>ἐθέλῃσιν</em></strong></span> <span class='ocrx_word' id='word_1_188' title='bbox 1167 2775 1311 2862; x_wconf 86' lang='grc' dir='ltr'><strong><em>ἐμοὶ</em></strong></span> <span class='ocrx_word' id='word_1_189' title='bbox 1355 2780 1643 2864; x_wconf 90' lang='grc' dir='ltr'><strong><em>χείρεσσι</em></strong></span> <span class='ocrx_word' id='word_1_190' title='bbox 1688 2778 2076 2863; x_wconf 87' lang='grc' dir='ltr'><strong><em>μάχεσθαι.“</em></strong></span> 
     </span>
    </p>

    <p class='ocr_par' dir='ltr' id='par_1_4' title="bbox 273 2877 2284 3605">
     <span class='ocr_line' id='line_1_26' title="bbox 363 2877 2281 2969; baseline -0.001 -20"><span class='ocrx_word' id='word_1_191' title='bbox 363 2877 451 2959; x_wconf 77' lang='grc' dir='ltr'><strong><em>ὧς</em></strong></span> <span class='ocrx_word' id='word_1_192' title='bbox 495 2883 696 2969; x_wconf 91' lang='grc' dir='ltr'><strong><em>φάτο,</em></strong></span> <span class='ocrx_word' id='word_1_193' title='bbox 744 2884 1054 2966; x_wconf 89' lang='grc' dir='ltr'><strong><em>μείδησεν</em></strong></span> <span class='ocrx_word' id='word_1_194' title='bbox 1102 2879 1175 2948; x_wconf 71' lang='grc' dir='ltr'><strong><em>δὲ</em></strong></span> <span class='ocrx_word' id='word_1_195' title='bbox 1219 2883 1555 2967; x_wconf 87' lang='grc' dir='ltr'><strong><em>ποδάρκης</em></strong></span> <span class='ocrx_word' id='word_1_196' title='bbox 1602 2885 1743 2960; x_wconf 77' lang='grc' dir='ltr'><strong><em>δῖος</em></strong></span> <span class='ocrx_word' id='word_1_197' title='bbox 1783 2880 2112 2967; x_wconf 86' lang='grc' dir='ltr'><strong><em>Ἀχιλλεὺς</em></strong></span> <span class='ocrx_word' id='word_1_198' title='bbox 2175 2898 2281 2948; x_wconf 86' lang='grc'><strong><em>555</em></strong></span> 
     </span>
     <span class='ocr_line' id='line_1_27' title="bbox 274 2984 1935 3076; baseline 0.001 -24"><span class='ocrx_word' id='word_1_199' title='bbox 274 2992 523 3075; x_wconf 87' lang='grc' dir='ltr'><strong><em>χαίρων</em></strong></span> <span class='ocrx_word' id='word_1_200' title='bbox 562 2985 943 3076; x_wconf 74' lang='grc' dir='ltr'><strong><em>Ἀντιλόχῳ,</em></strong></span> <span class='ocrx_word' id='word_1_201' title='bbox 992 2988 1095 3054; x_wconf 79' lang='grc' dir='ltr'><strong><em>ὅτι</em></strong></span> <span class='ocrx_word' id='word_1_202' title='bbox 1141 2988 1210 3054; x_wconf 76' lang='grc' dir='ltr'><strong><em>οἱ</em></strong></span> <span class='ocrx_word' id='word_1_203' title='bbox 1249 2992 1446 3073; x_wconf 88' lang='grc' dir='ltr'><strong><em>φίλος</em></strong></span> <span class='ocrx_word' id='word_1_204' title='bbox 1488 2984 1608 3072; x_wconf 81' lang='grc' dir='ltr'><strong><em>ἦεν</em></strong></span> <span class='ocrx_word' id='word_1_205' title='bbox 1655 2987 1935 3076; x_wconf 81' lang='grc' dir='ltr'><strong><em>ἑταῖρος·</em></strong></span> 
     </span>
     <span class='ocr_line' id='line_1_28' title="bbox 273 3095 2024 3181; baseline 0.001 -22"><span class='ocrx_word' id='word_1_206' title='bbox 273 3096 392 3159; x_wconf 87' lang='grc' dir='ltr'><strong><em>καί</em></strong></span> <span class='ocrx_word' id='word_1_207' title='bbox 429 3118 542 3179; x_wconf 88' lang='grc' dir='ltr'><strong><em>μιν</em></strong></span> <span class='ocrx_word' id='word_1_208' title='bbox 589 3095 1021 3181; x_wconf 86' lang='grc' dir='ltr'><strong><em>ἀμειβόμενος</em></strong></span> <span class='ocrx_word' id='word_1_209' title='bbox 1057 3096 1212 3162; x_wconf 81' lang='grc' dir='ltr'><strong><em>ἔπεα</em></strong></span> <span class='ocrx_word' id='word_1_210' title='bbox 1254 3097 1610 3181; x_wconf 89' lang='grc' dir='ltr'><strong><em>πτερόεντα</em></strong></span> <span class='ocrx_word' id='word_1_211' title='bbox 1652 3096 2024 3181; x_wconf 90' lang='grc' dir='ltr'><strong><em>προσηύδα·</em></strong></span> 
     </span>
     <span class='ocr_line' id='line_1_29' title="bbox 276 3196 2037 3287; baseline 0 -22"><span class='ocrx_word' id='word_1_212' title='bbox 276 3196 662 3285; x_wconf 85' lang='grc' dir='ltr'><strong><em>,,Ἀντίλοχ’,</em></strong></span> <span class='ocrx_word' id='word_1_213' title='bbox 709 3203 772 3268; x_wconf 82' lang='grc' dir='ltr'><strong><em>εἰ</em></strong></span> <span class='ocrx_word' id='word_1_214' title='bbox 814 3197 937 3287; x_wconf 70' lang='grc' dir='ltr'><strong><em>μὲν</em></strong></span> <span class='ocrx_word' id='word_1_215' title='bbox 985 3203 1068 3286; x_wconf 83' lang='grc' dir='ltr'><strong><em>δή</em></strong></span> <span class='ocrx_word' id='word_1_216' title='bbox 1113 3224 1193 3285; x_wconf 90' lang='grc' dir='ltr'><strong><em>με</em></strong></span> <span class='ocrx_word' id='word_1_217' title='bbox 1236 3202 1524 3278; x_wconf 86' lang='grc' dir='ltr'><strong><em>κελεύεις</em></strong></span> <span class='ocrx_word' id='word_1_218' title='bbox 1560 3207 1832 3267; x_wconf 76' lang='grc' dir='ltr'><strong><em>οἴκοθεν</em></strong></span> <span class='ocrx_word' id='word_1_219' title='bbox 1879 3202 2037 3266; x_wconf 75' lang='grc' dir='ltr'><strong><em>ἄλλο</em></strong></span> 
     </span>
     <span class='ocr_line' id='line_1_30' title="bbox 275 3305 2019 3394; baseline -0.001 -22"><span class='ocrx_word' id='word_1_220' title='bbox 275 3306 563 3394; x_wconf 74' lang='grc' dir='ltr'><strong><em>Εὐμήλῳ</em></strong></span> <span class='ocrx_word' id='word_1_221' title='bbox 611 3306 990 3390; x_wconf 83' lang='grc' dir='ltr'><strong><em>ἐπιδοῦναι,</em></strong></span> <span class='ocrx_word' id='word_1_222' title='bbox 1037 3306 1165 3391; x_wconf 82' lang='grc' dir='ltr'><strong><em>ἐγὼ</em></strong></span> <span class='ocrx_word' id='word_1_223' title='bbox 1213 3305 1294 3373; x_wconf 84' lang='grc' dir='ltr'><strong><em>δέ</em></strong></span> <span class='ocrx_word' id='word_1_224' title='bbox 1331 3330 1405 3373; x_wconf 86' lang='grc' dir='ltr'><strong><em>κε</em></strong></span> <span class='ocrx_word' id='word_1_225' title='bbox 1438 3305 1549 3372; x_wconf 85' lang='grc' dir='ltr'><strong><em>καὶ</em></strong></span> <span class='ocrx_word' id='word_1_226' title='bbox 1595 3309 1672 3373; x_wconf 89' lang='grc' dir='ltr'><strong><em>τὸ</em></strong></span> <span class='ocrx_word' id='word_1_227' title='bbox 1716 3305 2019 3373; x_wconf 86' lang='grc' dir='ltr'><strong><em>τελέσσω.</em></strong></span> 
     </span>
     <span class='ocr_line' id='line_1_31' title="bbox 278 3409 2284 3498; baseline -0.003 -21"><span class='ocrx_word' id='word_1_228' title='bbox 278 3413 470 3477; x_wconf 89' lang='grc' dir='ltr'><strong><em>δώσω</em></strong></span> <span class='ocrx_word' id='word_1_229' title='bbox 520 3413 592 3479; x_wconf 71' lang='grc' dir='ltr'><strong><em>οἱ</em></strong></span> <span class='ocrx_word' id='word_1_230' title='bbox 628 3414 934 3498; x_wconf 88' lang='grc' dir='ltr'><strong><em>θώρηκα,</em></strong></span> <span class='ocrx_word' id='word_1_231' title='bbox 980 3414 1097 3478; x_wconf 89' lang='grc' dir='ltr'><strong><em>τὸν</em></strong></span> <span class='ocrx_word' id='word_1_232' title='bbox 1138 3409 1603 3495; x_wconf 80' lang='grc' dir='ltr'><strong><em>Ἀστεροπαῖον</em></strong></span> <span class='ocrx_word' id='word_1_233' title='bbox 1655 3411 1999 3496; x_wconf 84' lang='grc' dir='ltr'><strong><em>ἀπηύρων,</em></strong></span> <span class='ocrx_word' id='word_1_234' title='bbox 2180 3424 2284 3473; x_wconf 83' lang='grc'><strong><em>550</em></strong></span> 
     </span>
     <span class='ocr_line' id='line_1_32' title="bbox 278 3507 1921 3605; baseline -0.002 -22"><span class='ocrx_word' id='word_1_235' title='bbox 278 3518 585 3604; x_wconf 78' lang='grc' dir='ltr'><strong><em>χάλκεον,</em></strong></span> <span class='ocrx_word' id='word_1_236' title='bbox 632 3507 683 3605; x_wconf 74' lang='grc' dir='ltr'><em>ᾧ</em></span> <span class='ocrx_word' id='word_1_237' title='bbox 729 3516 881 3605; x_wconf 86' lang='grc' dir='ltr'><strong><em>πέρι</em></strong></span> <span class='ocrx_word' id='word_1_238' title='bbox 925 3527 1133 3604; x_wconf 86' lang='grc' dir='ltr'><strong><em>χεῦμα</em></strong></span> <span class='ocrx_word' id='word_1_239' title='bbox 1178 3527 1463 3601; x_wconf 87' lang='grc' dir='ltr'><strong><em>φαεινοῦ</em></strong></span> <span class='ocrx_word' id='word_1_240' title='bbox 1510 3516 1921 3602; x_wconf 86' lang='grc' dir='ltr'><strong><em>κασσιτέροιο</em></strong></span> 
     </span>
    </p>

    <p class='ocr_par' dir='ltr' id='par_1_5' title="bbox 1861 3615 1964 3668">
     <span class='ocr_line' id='line_1_33' title="bbox 1861 3615 1964 3668; baseline 0 0"><span class='ocrx_word' id='word_1_241' title='bbox 1861 3615 1964 3668; x_wconf 78' lang='lat'><strong><em>15*</em></strong></span> 
     </span>
    </p>
   </div>
  </div>
 </body>
</html>
