2525 3884
965 210 1268 263 ῙΑῙΑΔΟΣ
1304 213 1502 267 xxm
2105 212 2237 275 219

227 354 345 418 τὸν
389 353 482 417 τώ
529 349 591 436 γ’
636 351 932 430 ἑσταότες
976 355 1396 438 πενθείετον,
1445 355 1635 420 οὔδει·
1677 354 1756 421 δέ
1798 373 1960 439 σφιν

226 469 446 544 χαῖται
492 456 908 545 ἐρηρέδαται,
953 459 1045 524 τω
1094 455 1155 524 δ’
1199 458 1474 527 ἕστατον
1520 459 1865 546 ἀχνυμένω
1910 471 2052 546 κῆρ.

226 566 419 630 ἄλλοι
466 560 542 630 δὲ
584 562 937 631 στέλλεσθε
981 565 1146 631 κατὰ
1191 569 1507 653 στρατόν,
1554 568 1627 644 ὅς
1668 590 1768 644 τις
1818 565 2099 652 Ἀχαιῶν
2135 585 2237 634 285

226 670 526 736 ἵπποισίν
568 693 639 735 τε
683 668 964 736 πέποιθε
1008 669 1120 736 καὶ
1165 671 1411 757 ἅρμασι
1454 676 1935 756 κολλητοῖσιν.“

313 771 406 853 ὧς
449 776 620 861 φάτο
669 776 1027 860 Πηλεΐδης,
1071 776 1295 862 ταχέες
1340 774 1401 843 δ’
1447 779 1677 863 ἱππῆες
1723 781 2018 864 ἔγερθεν.

227 877 398 966 ὦρτο
442 885 616 948 πολὺ
659 892 916 966 πρῶτος
961 878 1083 966 μὲν
1129 882 1291 962 ἄναξ
1337 882 1603 970 ἀνδρῶν
1655 879 2004 969 Ἐύμηλος,

229 985 558 1072 Ἀδμήτου
605 990 800 1070 φίλος
842 988 1017 1070 υἱός,
1066 987 1139 1064 ὃς
1185 989 1516 1075 ἱπποσύνῃ
1564 989 1901 1056 ἐκέκαστο·
1993 1043 2000 1051 .

223 1101 312 1183 τῷ
363 1087 426 1158 δ’
469 1089 573 1158 ἐπὶ
626 1093 948 1176 Τυδεΐδης
992 1087 1165 1178 ὦρτο
1209 1096 1523 1181 κρατερὸς
1567 1098 1945 1181 Διομήδης,
2135 1113 2238 1164 290

223 1198 467 1276 ἵππους
512 1193 588 1264 δὲ
638 1195 909 1287 Τρῴους
951 1198 1163 1281 ὕπαγε
1211 1202 1442 1283 ζυγόν,
1491 1200 1607 1278 οὕς
1649 1198 1795 1267 ποτ’
1839 1202 2101 1287 ἀπηύρα

222 1307 534 1386 Αἰνείαν,
581 1302 744 1390 ἀτάρ
791 1305 997 1370 αὐτὸν
1039 1303 1498 1383 ὑπεξεσάωσεν
1535 1303 1890 1373 Ἀπόλλων.

221 1418 312 1498 τῷ
364 1404 430 1476 δ’
471 1406 576 1497 ἄρ’
622 1404 724 1476 ἐπ’
758 1406 1091 1496 Ἀτρεΐδης
1135 1406 1306 1497 ὦρτο
1355 1410 1603 1490 ξανθὸς
1646 1412 1992 1490 Μενέλαος

226 1518 562 1600 διογενής,
608 1516 738 1582 ὑπὸ
785 1513 859 1582 δὲ
907 1517 1105 1600 ζυγὸν
1148 1519 1398 1601 ἤγαγεν
1444 1516 1649 1595 ὠκέας
1694 1517 1966 1603 ἵππους,

223 1628 455 1707 Αἰίθην
498 1623 621 1706 τὴν
674 1618 1201 1707 Ἀγαμεμνονέην
1247 1624 1368 1689 τὸν
1415 1621 1528 1690 ἑόν
1571 1646 1643 1690 τε
1689 1627 2078 1711 Πόδαργον·
2134 1642 2237 1692 295

223 1730 347 1813 τὴν
385 1725 822 1813 Ἀγαμέμνονι
868 1723 1024 1794 δῶκ’
1079 1727 1497 1815 Ἀγχισιάδης
1533 1725 1896 1816 Ἐχέπωλος

227 1833 416 1919 δῶρ’,
462 1834 574 1899 ἵνα
618 1837 707 1919 μή
754 1834 825 1899 οἰ
864 1829 1088 1901 ἕποιθ’
1127 1835 1257 1901 ὑπὸ
1300 1834 1511 1902 Ἴλιον
1556 1837 1998 1922 ἠνεμόεσσαν,

226 1936 368 2007 ἀλλ’
414 1939 621 2006 αὐτοῦ
663 1940 967 2027 τέρποιτο
1014 1939 1259 2025 μένων·
1307 1939 1472 2026 μέγα
1515 1942 1644 2028 γάρ
1692 1944 1762 2009 οἱ
1802 1945 2047 2010 ἔδωκεν

229 2047 397 2123 Ζεὺς
441 2047 716 2131 ἄφενος,
762 2044 951 2113 ναῖεν
998 2041 1060 2112 δ’
1103 2047 1139 2112 ὅ
1174 2044 1237 2131 γ’
1275 2046 1348 2114 έν
1395 2048 1733 2136 εὐρυχόρῳ
1781 2053 2106 2115 Σικυῶνι·

225 2154 348 2237 τὴν
386 2152 423 2217 ὅ
458 2147 522 2235 γ’
564 2152 692 2218 ὑπὸ
743 2153 940 2234 ζυγὸν
983 2147 1103 2235 ἦγε
1148 2151 1315 2237 μέγα
1362 2154 1615 2239 δρόμου
1663 2156 2096 2239 ἰσχανόωσαν.
2136 2171 2239 2221 300

233 2256 606 2343 Ἀντίλοχος
652 2254 725 2323 δὲ
768 2257 1074 2344 τέταρτος
1119 2258 1421 2343 ἐύτριχας
1466 2257 1793 2324 ὁπλίσαθ’
1837 2260 2103 2342 ἵππους,

228 2363 567 2450 Νέστορος
613 2363 855 2447 ἀγλαὸς
897 2365 1044 2441 υίὸς
1086 2363 1504 2450 ὑπερθύμοιο
1553 2366 1834 2443 ἄνακτος

225 2477 349 2536 τοῦ
391 2470 812 2554 Νηληιάδαο·
858 2468 1279 2553 πυλοιγενέες
1325 2470 1404 2536 δέ
1445 2471 1516 2537 οἰ
1555 2471 1741 2537 ἵπποι

230 2577 568 2654 ὠκύποδες
612 2575 822 2663 φέρον
868 2577 1058 2664 ἄρμα.
1148 2579 1362 2663 πατὴρ
1410 2577 1490 2643 δέ
1530 2579 1602 2643 οἱ
1643 2579 1793 2664 ἄγχι
1836 2580 2170 2665 παραστὰς

228 2676 488 2768 μυθεῖτ’
531 2684 624 2760 εἰς
670 2682 893 2766 ἀγαθὰ
937 2682 1246 2770 φρονέων
1291 2683 1555 2752 νοέοντι
1597 2684 1709 2751 καὶ
1755 2686 1960 2774 αὐτῷ·
2136 2700 2237 2750 305

230 2782 613 2874 ,,Ἀντίλοχ’,
658 2784 699 2872 ἦ
745 2811 849 2855 τοι
895 2788 1017 2874 μέν
1062 2806 1138 2856 σε
1180 2790 1342 2857 νέον
1386 2813 1509 2877 περ
1556 2791 1750 2859 ἐόντα
1795 2795 2089 2876 φίλησαν

232 2893 397 2970 Ζεύς
439 2917 510 2961 τε
555 2895 951 2961 Ποσειδάων
991 2916 1093 2977 τε,
1136 2892 1247 2960 καὶ
1295 2896 1663 2973 ἱπποσύνας
1707 2894 2018 2974 ἐδίδαξαν

227 3002 573 3077 παντοίας·
617 3008 708 3088 τῷ
755 3004 873 3066 καί
910 3016 985 3065 σε
1033 2998 1427 3084 διδασκέμεν
1472 3000 1555 3065 οὔ
1598 3024 1663 3065 τι
1708 3001 1880 3084 μάλα
1923 3001 2120 3086 χρεώ·

230 3099 432 3171 οἶσθα
474 3108 602 3193 γὰρ
648 3101 726 3173 εὖ
768 3102 920 3192 περὶ
962 3102 1237 3191 τέρμαθ’
1285 3104 1649 3190 ἑλισσέμεν·
1693 3105 1859 3172 ἀλλά
1902 3130 2007 3173 τοι
2050 3107 2235 3173 ἵπποι

230 3209 572 3296 βάρδιστοι
614 3214 859 3278 θείειν·
903 3219 994 3300 τῷ
1040 3207 1098 3275 τ’
1144 3217 1263 3276 οἴω
1310 3207 1505 3294 λοίγι’
1548 3214 1835 3278 ἔσεσθαι.
2136 3229 2240 3278 310

228 3325 363 3381 τῶν
410 3313 472 3382 δ’
514 3316 703 3382 ἵπποι
748 3313 870 3402 μὲν
917 3320 1103 3383 ἔασιν
1151 3315 1540 3403 ἀφάρτεροι,
1589 3314 1748 3383 οὐδὲ
1794 3304 1916 3401 μὲν
1961 3314 2151 3382 αὐτοὶ

229 3424 501 3488 πλείονα
548 3428 772 3488 ἴσασιν
817 3421 1022 3489 σέθεν
1068 3422 1275 3488 αὐτοῦ
1320 3424 1743 3507 μητίσασθαι.

231 3521 370 3593 ἀλλ’
414 3529 531 3611 ἄγε.
580 3528 660 3612 δὴ
711 3529 824 3611 σύ,
870 3532 1095 3613 φίλος,
1139 3537 1336 3612 μῆτιν
1382 3525 1699 3611 ἐμβάλλεο
1743 3531 1941 3611 θυμῷ
