2525 3884
316 237 443 303 186
734 312 741 319 ἐ
1101 238 1402 290 ΙΑΙΑΔοΣ
1439 237 1506 290 Φ.

400 375 489 458 ὥς
534 381 737 446 εἰπὼν
784 380 1023 463 οὔτησε
1065 377 1206 445 κατ’
1251 379 1476 462 αἰγίδα
1519 381 1991 445 θυσανόεσσαν
2217 388 2356 446 400'

314 485 754 572 σμερδαλέην,
799 485 887 570 ἣν
931 482 1091 552 οὐδὲ
1133 485 1303 563 Διὸς
1350 485 1635 570 δάμνησι
1676 488 2024 570 κεραυνός·

311 600 391 674 τῇ
436 616 552 677 μιν
577 588 782 677 ’Ἀρης
827 592 1068 675 οὔτησε
1111 593 1469 676 μιαιφόνος
1513 593 1692 675 ἔγχει·
1731 599 1975 679 μακρῷ.

312 697 354 781 ἡ
400 694 462 763 δ’
506 695 1012 783 ἀναχασσαμένη
1058 700 1259 762 λίθον
1305 697 1513 762 εἵλετο
1558 694 1727 784 χειρὶ
1767 699 2000 783 παχείῃ

311 805 616 889 κείμενον
661 803 735 870 ἐν
777 804 1014 890 πεδίω,
1060 801 1340 887 μέλανα,
1385 803 1634 889 τρηχύν
1676 824 1747 868 τε
1791 801 1999 887 μέγαν
2041 825 2139 886 τε,

310 911 430 975 τόν
474 907 536 993 ῥ’
580 908 820 995 ἄνδρες
861 910 1171 995 πρότεροι
1206 905 1422 974 θέσαν
1458 911 1729 992 ἔμμεναι
1766 902 1973 992 οὖρον
2000 908 2330 994 ἀρούρης·

310 1023 401 1103 τῷ
448 1015 607 1099 βάλε
649 1021 912 1101 θοῦρον
938 1013 1152 1100 ’Ἀρηα
1184 1012 1327 1080 κατ’
1369 1013 1642 1099 αὐχένα,
1685 1019 1850 1080 λῦσε
1886 1011 1960 1080 δὲ
2002 1025 2177 1098 γυῖα.
2215 1032 2329 1084 406

313 1119 471 1186 ἑπτὰ
517 1118 577 1186 δ’
622 1117 849 1205 ἐπέσχε
891 1119 1187 1206 πέλεθρα
1229 1119 1480 1203 πεσών,
1527 1119 1784 1186 ἐκόνισε
1829 1116 1906 1185 δε
1948 1122 2203 1205 χαίτας,

310 1225 540 1310 τεύχεα
587 1220 651 1290 δ’
691 1226 1153 1312 ἀμφαράβησε·
1197 1225 1476 1310 γέλασσε
1521 1223 1596 1292 δὲ
1641 1227 1910 1302 Παλλὰς
1947 1223 2232 1311 Ἀθήνη,

310 1334 429 1398 καί
467 1331 538 1397 οἰ
576 1331 976 1417 ἐπευχομένη
1024 1332 1180 1398 ἔπεα
1222 1334 1578 1417 πτερόεντα
1625 1333 2002 1420 προσηύδα·

311 1435 646 1522 ,,νηπύτι’,
682 1435 847 1504 οὐδέ
875 1439 963 1503 νύ
998 1439 1098 1503 πώ
1136 1459 1258 1523 περ
1289 1436 1667 1525 ἐπεφράσω,
1705 1439 1912 1503 ὅσσον
1942 1437 2186 1521 ἀρείων
2214 1455 2327 1506 410

312 1541 537 1628 εὔχομ’
579 1542 752 1628 ἐγὼν
797 1546 1050 1628 ἔμεναι,
1099 1544 1200 1610 ὅτι
1244 1566 1358 1629 μοι
1401 1541 1599 1627 μένος
1645 1545 2061 1629 ἰσοφαρίζεις.

312 1649 485 1714 οὕτω
528 1672 644 1714 κεν
688 1657 803 1732 τῆς
846 1649 1092 1734 μητρὸς
1137 1648 1405 1733 ἐρινύας
1450 1648 1885 1733 ἐξαποτίνοις,

311 1755 353 1838 ἥ
397 1776 503 1819 τοι
544 1752 845 1838 χωομένη
891 1754 1059 1818 κακὰ
1102 1754 1407 1838 μήδεται,
1453 1753 1671 1821 οὕνεκ’
1717 1752 2018 1841 Ἀχαιοὺς

311 1859 644 1943 κάλλιπες,
691 1857 898 1944 αὐτὰρ
951 1856 1212 1945 Τρωσὶν
1256 1859 1767 1946 ὑπερφιάλοισιν
1809 1859 2142 1945 ἀμύνεις.“

400 1961 489 2043 ὥς
532 1966 661 2050 ἄρα
704 1967 1072 2049 φωνήσασα
1116 1963 1317 2030 πάλιν
1361 1963 1599 2049 τρέπεν
1643 1966 1800 2031 ὄσσε
1845 1967 2112 2051 φαεινώ.
2213 1983 2325 2033 415

317 2073 430 2138 τὸν
476 2070 537 2137 δ’
581 2072 699 2156 ἄγε
742 2071 961 2157 χειρὸς
1005 2069 1249 2137 ἑλοῦσα
1292 2071 1461 2149 Διὸς
1502 2072 1807 2155 θυγάτηρ
1843 2070 2202 2157 Ἀφροδίτη

311 2177 528 2244 πυκνὰ
572 2177 746 2261 μάλα
790 2175 1221 2262 στενάχοντα,
1266 2179 1457 2261 μόγις
1501 2173 1562 2241 δ’
1607 2176 1977 2264 ἐσαγείρετο
2021 2180 2269 2262 θυμόν.

312 2283 433 2366 τὴν
480 2278 542 2346 δ’
585 2282 677 2358 ὡς
720 2276 845 2347 οὖν
889 2281 1123 2366 ἐνόησε
1157 2282 1318 2364 θεά,
1363 2282 1768 2360 λευκώλενος
1795 2280 1998 2369 “Hem

314 2384 523 2453 αὐτίκ’
558 2384 926 2472 Ἀθηναίην
971 2390 1127 2453 ἔπεα
1171 2388 1526 2473 πτερόεντα
1568 2388 1944 2473 προσηύδα·

313 2492 412 2577 ,,ὢ
457 2495 687 2576 πόποι,
734 2494 1056 2577 αἰγιόχοιο
1102 2493 1271 2570 Διὸς
1312 2489 1527 2576 τέκος,
1572 2491 1944 2579 ἀτρυτῶνη,
2213 2512 2326 2563 420

312 2597 423 2664 καὶ
467 2599 552 2683 δὴ
598 2592 758 2662 αὖθ’
799 2597 841 2681 ἡ
887 2597 1219 2682 κυνάμυια
1263 2598 1409 2682 ἄγει
1452 2600 1883 2685 βροτολοιγὸν
1907 2598 2119 2685 ’Ἀρηα

315 2707 510 2797 δηίου
556 2703 629 2770 ἐκ
670 2699 984 2787 πολέμοιο
1028 2703 1194 2768 κατὰ
1238 2705 1511 2769 κλόνον·
1556 2703 1722 2769 ἀλλὰ
1766 2703 2105 2789 μέτελθε.“

401 2807 491 2889 ὥς
535 2806 720 2896 φάτ’,
759 2807 1080 2892 Ἀθηναίη
1129 2805 1203 2874 δὲ
1247 2809 1633 2894 μετέσσυτο,
1678 2820 1865 2896 χαῖρε
1911 2808 1985 2877 δὲ
2028 2792 2262 2900 θυμῷ,

311 2920 430 2982 καί
468 2911 530 3001 ῤ’
573 2912 987 2999 ἐπιεισαμένη
1031 2913 1199 3000 πρὸς
1243 2917 1495 2999 στήθεα
1536 2914 1706 3002 χειρὶ
1748 2919 1982 3003 παχείῃ

312 3023 541 3106 ἤλασε·
583 3029 699 3105 τῆς
736 3017 796 3085 δ’
840 3020 1049 3087 αὐτοῦ
1084 3020 1243 3085 λύτο
1280 3023 1574 3104 γούνατα
1608 3020 1720 3087 καὶ
1755 3025 1957 3108 φίλον
1990 3017 2171 3108 ἦτορ.
2214 3039 2323 3089 425

312 3129 403 3193 τὼ
449 3125 571 3212 μὲν
616 3125 718 3215 ἄρ’
764 3128 963 3212 ἄμφω
1006 3137 1226 3194 κεῖντο
1274 3125 1381 3193 ἐπὶ
1423 3125 1624 3213 χθονὶ
1668 3132 2181 3215 πουλυβοτείρῃ,

313 3233 355 3317 ἡ
393 3229 455 3298 δ’
498 3228 603 3316 ἄρ’
648 3230 1051 3315 ἐπευχομένη
1097 3234 1255 3297 ἔπεα
1299 3229 1631 3318 πτερόεντ’
1676 3232 1996 3320 ἀγόρευεν
2012 3254 2029 3271 ·

313 3346 653 3421 ,,τοιοῦτοι
695 3344 825 3401 νῦν
868 3337 1135 3420 πάντες,
1181 3338 1331 3402 ὅσοι
1380 3339 1718 3422 Τρώεσσιν
1763 3338 2040 3425 ἀρωγοί,

314 3437 478 3524 εἶεν,
526 3437 620 3507 ὅτ’
665 3438 1019 3526 Ἀργείοισι
1062 3444 1378 3527 μαχοίατο
1421 3448 1878 3529 θωρηκτῇσιν,

314 3542 452 3613 ὧδέ
488 3568 559 3611 τε
600 3544 968 3631 θαρσαλέοι
1010 3544 1124 3612 καὶ
1166 3550 1512 3631 τλήμονες,
1556 3548 1647 3625 ὡς
1681 3547 2040 3635 Ἀφροδίτη
2216 3567 2325 3621 480
