2525 3884
303 229 391 295 90
1093 231 1395 283 ΙΛΙΑΔοΣ
1430 231 1503 285 11.

305 376 695 459 ,,Μηριόνη,
740 376 811 438 τί
851 377 935 439 σὺ
978 382 1183 439 ταῦτα
1227 372 1338 438 καὶ
1386 373 1626 451 ἐσθλὸς
1672 373 1799 439 ἐὼν
1844 372 2220 459 ἀγορεύεις;

305 475 357 543 ὦ
401 477 641 562 πέπον,
690 480 773 545 οὔ
815 502 919 544 τοι
970 483 1189 565 Τρῶες
1235 479 1582 556 ὀνειδείοις
1626 479 1926 545 ἐπέεσσιν

304 593 546 669 νεκροῦ
590 588 992 670 χωρήσουσι·
1039 587 1248 671 πάρος
1291 586 1442 650 τινὰ
1486 596 1643 669 γαῖα
1685 583 1967 664 καθέξει.

306 690 380 755 έν
424 691 551 775 γὰρ
596 690 781 778 χερσὶ
825 690 1011 767 τέλος
1054 691 1377 776 πολέμου,
1425 690 1635 757 ἐπέων
1681 689 1743 755 δ’
1785 690 1887 757 ἐνὶ
1932 695 2174 776 βουλῇ·
2214 708 2347 758 630

302 803 393 883 τῷ
444 797 526 862 οὔ
567 820 632 861 τι
676 798 800 883 χρὴ
847 803 1073 882 μῦθον
1118 797 1485 881 ὀφέλλειν,·
1507 796 1673 862 ἀλλὰ
1717 798 2111 883 μάχεσθαι.“
2425 872 2434 879 ‚

393 896 483 979 ὥς
526 904 728 968 εἰπὼν
774 902 810 968 ὁ
848 899 972 986 μὲν
1015 898 1188 988 ἦρχ’,
1235 902 1272 968 ὁ
1312 900 1373 968 δ’
1417 897 1527 987 ἅμ’
1567 902 1799 969 ἕσπετο
1848 905 2114 980 ἰσόθεος
2156 903 2344 987 φώς.

302 1017 439 1073 τῶν
485 1004 575 1091 δ’,
622 1009 711 1085 ὥς
752 1031 824 1073 τε
870 1009 1220 1092 δρυτόμων
1265 1008 1534 1096 ἀνδρῶν
1580 1009 1956 1095 ὀρυμαγδὸς
2000 1008 2228 1095 ὀρώρῃ

306 1113 539 1198 οὔρεος
583 1114 656 1179 ἐν
702 1117 979 1200 βήσσῃς·
1025 1113 1270 1180 ἕκαθεν
1315 1115 1396 1181 δέ
1433 1138 1505 1179 τε
1547 1111 1793 1199 γίγνετ’
1836 1115 2072 1199 ἀκουή·

306 1213 394 1296 ὧς
435 1229 571 1284 τῶν
617 1221 874 1306 ὤρνυτο
924 1222 1170 1298 δοῦπος
1213 1220 1341 1287 ἀπὸ
1387 1221 1636 1306 χθονὸς
1678 1220 2096 1307 ἐυρυοδείης,
2213 1223 2344 1286 6⁹35·

303 1329 551 1410 χαλκοῦ
593 1350 665 1391 τε
711 1325 906 1411 ῥινοῦ
948 1351 1019 1392 τε
1064 1330 1246 1411 βοῶν
1289 1322 1349 1391 τ’
1391 1311 1835 1410 ἐυποιητάων,
2263 1358 2272 1362 ·

306 1431 735 1516 νυσσομένων
780 1432 1042 1517 ξίφεσίν
1084 1455 1156 1498 τε
1198 1430 1310 1498 καὶ
1357 1435 1617 1518 ἔγχεσιν
1661 1432 2114 1517 ἀμφιγύοισιν.

305 1533 455 1600 οὐδ’
500 1535 584 1602 ἂν
629 1540 725 1602 ἔτι
770 1539 1097 1623 φράδμων
1140 1559 1263 1623 περ
1312 1537 1481 1624 ἀνὴρ
1525 1539 1938 1624 Σαρπηδόνα
1984 1539 2135 1603 δῖον

306 1644 507 1726 ἔγνω,
555 1641 693 1708 ἐπεὶ
738 1643 1035 1726 βελέεσσι
1077 1642 1188 1708 καὶ
1234 1643 1459 1728 αἵματι
1502 1641 1613 1709 καὶ
1655 1647 1962 1730 κονίῃσιν

306 1747 377 1813 ἐκ
419 1753 708 1833 κεφαλῆς
753 1754 970 1814 εἴλυτο
1019 1744 1373 1833 διαμπερὲς
1416 1749 1484 1826 ἐς
1525 1750 1735 1826 πόδας
1779 1751 2038 1836 ἄκρους.
2215 1765 2331 1815 640

306 1853 377 1919 οἰ
417 1850 478 1918 δ’
523 1850 652 1919 αἰεὶ
694 1852 847 1940 περὶ
888 1850 1136 1940 νεκρὸν
1175 1853 1475 1938 ὁμίλεον,
1521 1855 1610 1932 ὡς
1654 1855 1763 1920 ὅτε
1808 1865 1995 1939 μυῖαι

305 1966 580 2048 σταθμῷ
627 1962 729 2025 ἔνι
774 1959 1106 2046 βρομέωσι
1150 1958 1582 2044 περιγλαγέας
1624 1961 1789 2025 κατὰ
1831 1959 2072 2038 πέλλας

304 2066 442 2151 ὥρῃ
487 2064 563 2132 έν
609 2066 896 2152 εἰαρινῇ,
943 2066 1051 2131 ὅτε
1092 2089 1164 2130 τε
1206 2065 1451 2149 γλάγος
1495 2066 1698 2148 ἄγγεα
1745 2067 1951 2131 δεύει·

305 2166 394 2248 ὧς
437 2173 564 2257 ἄρα
606 2169 710 2237 τοὶ
754 2169 905 2258 περὶ
949 2174 1190 2258 νεκρὸν
1237 2170 1522 2255 ὁμίλεον.
1613 2169 1779 2236 οὐδέ
1816 2193 1973 2235 ποτε
2021 2170 2195 2247 Ζεὺς

304 2276 542 2362 τρέψεν
587 2275 713 2342 ἀπὸ
757 2287 1075 2362 κρατερῆς
1119 2277 1400 2361 ὑσμίνης
1445 2278 1601 2342 ὄσσε
1647 2277 1931 2360 φαεινώ,
2214 2290 2327 2341 645

305 2381 471 2448 ἀλλὰ
512 2376 652 2446 κατ’
696 2382 937 2459 αὐτοὺς
981 2379 1127 2447 αἰὲν
1172 2382 1327 2468 δρα,
1373 2379 1482 2446 καὶ
1528 2382 1808 2467 φράζετο
1851 2387 2050 2468 θυμῷ

303 2487 516 2553 πολλὰ
559 2480 710 2571 μάλ’
752 2484 921 2571 ἀμφὶ
958 2489 1146 2575 φόνῳ
1194 2489 1589 2571 Πατρόκλου
1635 2489 2076 2572 μερμηρίζων,

304 2593 346 2678 ἢ
389 2593 518 2676 ἤδη
564 2588 674 2655 καὶ
719 2601 943 2656 κεῖνον
989 2589 1089 2655 ἐνὶ
1133 2599 1413 2676 κρατερῇ
1459 2591 1703 2677 ὑσμίνῃ

307 2699 516 2764 αὐτοῦ
560 2691 660 2762 ἐπ’
703 2695 990 2783 ἀντιθέῳ
1037 2698 1430 2780 Σαρπηδόνι
1475 2697 1792 2780 φαίδιμος
1818 2693 2072 2781 Ἕκτωρ

305 2809 522 2891 χαλκῷ
571 2802 797 2887 δῃώσῃ
845 2791 971 2865 ἀπό
1015 2797 1072 2864 τ’
1119 2801 1316 2885 ὤμων
1359 2797 1567 2885 τεύχε’
1611 2800 1864 2885 ἕληται,
2215 2818 2325 2868 650

306 2906 348 2993 ἦ
395 2912 490 2974 ἔτι
534 2904 646 2972 καὶ
689 2908 1081 2972 πλεόνεσσιν
1126 2906 1469 2990 ὀφέλλειεν
1511 2908 1725 2971 πόνον
1762 2907 1983 2972 αἰπύν.

308 3011 438 3092 ὧδε
484 3013 564 3079 δέ
606 3012 676 3077 οἱ
716 3011 1074 3097 φρονέοντι
1120 3012 1449 3076 δοάσσατο
1485 3009 1753 3093 κέρδιον
1794 3005 1995 3094 εἶναι,

308 3118 461 3207 ὄφρ’
505 3121 629 3204 ἠὺς
671 3119 987 3203 θεράπων
1035 3118 1432 3202 Πηληιάδεω
1473 3113 1768 3200 Ἀχιλῆος

309 3214 562 3305 ἐξαῦτις
613 3225 844 3307 Τρῶάς
885 3247 957 3289 τε
1000 3222 1111 3289 καὶ
1139 3222 1420 3309 Ἕκτορα
1463 3222 1999 3308 χαλκοκορυστὴν

309 3334 550 3399 ὤσαιτο
594 3329 791 3419 προτὶ
836 3332 1029 3416 ἄστυ,
1075 3329 1337 3396 πολέων
1384 3326 1445 3396 δ’
1491 3328 1617 3395 ἀπὸ
1662 3329 1888 3413 θυμὸν
1932 3327 2174 3421 ἕλοιτο.
2215 3347 2321 3396 655

295 3438 557 3525 Ἕκτορι
603 3436 678 3504 δὲ
723 3440 1066 3527 πρωτίστῳ
1112 3436 1434 3503 ἀνάλκιδα
1476 3435 1703 3520 θυμὸν
1749 3434 2008 3517 ἐνῆκεν·

307 3547 375 3623 ἐς
411 3548 658 3634 δίφρον
695 3542 757 3612 δ’
800 3544 1049 3630 ἀναβὰς
1085 3539 1333 3630 φύγαδ’
1369 3544 1631 3625 ἔτραπε,
1668 3538 1931 3605 κέκλετο
1970 3536 2031 3604 δ’
2077 3541 2325 3620 ἄλλους
