2525 3884
289 197 417 263 156
1081 201 1384 254 ΙΛΙΑΔΟΣ
1421 200 1489 255 Τ.

287 340 453 407 ἀλλά
494 365 600 408 τοι
644 342 934 427 ἐγγύθεν
977 338 1151 429 ἦμαρ
1198 341 1543 428 ὀλέθριον·
1590 341 1756 410 οὐδέ
1791 367 1898 411 τοι
1940 344 2128 429 ἡμεῖς

290 453 518 532 αἴτιοι,
565 448 731 515 ἀλλὰ
773 451 937 526 θεός
978 472 1050 514 τε
1093 448 1296 535 μέγας
1337 446 1450 516 καὶ
1493 461 1693 537 μοῖρα
1736 454 2030 538 κραταιή.
2208 466 2327 516 410

293 550 449 620 οὐδὲ
492 556 620 640 γὰρ
663 552 941 641 ἡμετέρῃ
986 557 1353 640 βραδυτῆτί
1389 578 1461 621 τε
1502 560 1785 643 νωχελίῃ
1829 580 1900 623 τε

297 665 517 747 Τρῶες
559 657 670 728 ἀπ’
712 662 949 747 ὤμοιιν
995 665 1392 748 Πατρόκλου
1434 661 1644 747 τεύχε’
1686 663 1945 730 ἕλοντο·

291 767 455 834 ἀλλὰ
498 774 683 836 θεῶν
727 770 1033 855 ὤριστος,
1080 767 1161 833 ὃν
1205 768 1496 853 ἠύκομος
1538 766 1682 835 τέκε
1727 771 1956 853 Λητώ,

292 868 507 939 ἔκταν’
551 873 652 954 ἐνὶ
694 875 1092 960 προμάχοισι
1135 872 1248 940 καὶ
1276 872 1543 961 Ἕκτορι
1585 877 1790 953 κῦδος
1834 877 2099 941 ἔδωκεν.

293 990 415 1044 νῶι
461 976 536 1046 δὲ
578 985 696 1046 καί
733 1004 850 1046 κεν
895 982 1028 1065 ἅμα
1071 988 1273 1065 πνοιῇ
1320 982 1657 1069 Ζεφύροιο
1701 971 2009 1066 θέοιμεν,
2201 996 2319 1059 415
2475 1034 2476 1037 η

293 1085 375 1169 ἦν
418 1107 542 1172 περ
588 1085 1044 1173 ἐλαφροτάτην
1089 1083 1248 1170 φάσ’
1292 1088 1590 1172 ἔμμεναι·
1637 1088 1803 1154 ἀλλὰ
1848 1087 1955 1153 σοὶ
2000 1087 2179 1176 αὐτῷ

294 1193 619 1276 μόρσιμόν
663 1192 803 1259 ἐστι
845 1198 985 1281 θεῷ
1029 1215 1102 1257 τε
1144 1190 1255 1257 καὶ
1300 1189 1488 1277 ἀνέρι
1535 1188 1639 1279 ἶφι
1685 1195 2039 1279 δαμῆναι.“
2169 1271 2175 1277 ,

382 1294 472 1375 ὧς
517 1300 644 1384 ἄρα
689 1302 1124 1384 φωνήσαντος
1169 1297 1427 1382 ἐρινύες
1474 1301 1757 1384 ἔσχεθον
1802 1300 2035 1384 αὐδήν.

296 1405 412 1469 τὸν
458 1401 533 1470 δὲ
577 1403 719 1490 μέγ’
763 1405 1058 1491 ὀχθήσας
1101 1403 1403 1491 προσέφη
1449 1407 1659 1484 πόδας
1695 1406 1869 1483 ὠκὺς
1906 1401 2268 1490 Ἀχιλλεύς·

295 1510 596 1595 ,,Ξάνθε,
624 1514 696 1577 τί
733 1535 847 1597 μοι
872 1512 1175 1578 θάνατον
1203 1511 1582 1596 μαντεύεαι;
1632 1510 1799 1579 οὐδέ
1826 1515 1897 1577 τί
1927 1527 2002 1578 σε
2027 1513 2173 1598 χρή.
2202 1526 2313 1576 420
2411 1583 2417 1587 ,

295 1613 372 1683 εὖ
415 1619 503 1683 νύ
545 1641 652 1684 τοι
687 1613 839 1683 οἶδα
873 1615 984 1683 καὶ
1016 1617 1244 1699 αὐτός,
1284 1618 1321 1683 ὅ
1347 1640 1460 1701 μοι
1487 1620 1692 1705 μόρος
1718 1615 1951 1685 ἐνθάδ’
1996 1615 2310 1700 ὀλέσθᾶῑ,

294 1725 502 1808 νόσφι
546 1726 750 1806 φίλου
793 1723 1037 1808 πατρὸς
1079 1721 1191 1788 καὶ
1233 1722 1539 1807 μητέρος·
1585 1722 1752 1789 ἀλλὰ
1793 1721 1903 1790 καὶ
1949 1725 2156 1808 ἔμπης

296 1831 379 1896 οὐ
424 1828 598 1913 λήξω
641 1826 801 1914 πρὶν
854 1832 1082 1913 Τρῶας
1125 1829 1298 1912 ἅδην
1343 1826 1571 1896 ἐλάσαι
1609 1827 1989 1913 πολέμοιο.“

296 1932 337 2021 ἦ
382 1934 469 2020 ρα
510 1932 622 2000 καὶ
666 1933 740 2000 ἐν
783 1935 1068 2020 πρώτοις
1112 1933 1317 2018 ἰάχων
1362 1936 1468 2018 ἔχε
1511 1935 1819 2020 μώνυχας
1861 1935 2121 2011 ἵππους.

993 2293 1472 2382 ΙΛΙΑΔΟΣ
1521 2306 1611 2381 Τ.

1098 2534 1509 2617 Θεομαχία.

390 2653 479 2736 ὧς
525 2657 595 2722 οἰ
633 2653 757 2741 μὲν
801 2656 977 2742 παρὰ
1020 2654 1221 2739 νηυσὶ
1264 2658 1583 2741 κορωνίσι
1625 2655 2064 2739 θωρήσσοντο

302 2761 470 2849 ἀμφὶ
516 2761 619 2846 σέ,
667 2761 927 2846 Πηλέος
969 2758 1104 2844 υἰέ,
1151 2761 1360 2846 μάχης
1404 2761 1732 2846 ἀκόρητον
1770 2757 2044 2845 Ἀχαιοί,
2105 2744 2110 2749 ’

309 2875 528 2956 Τρῶες
572 2866 634 2934 δ’
677 2862 836 2934 αὖθ’
882 2864 1207 2954 ἑτέρωθεν
1253 2864 1360 2933 ἐπὶ
1402 2873 1698 2956 θρωσμῷ
1730 2867 2027 2959 πεδίοιο·

302 2979 470 3054 Ζεὺς
515 2974 589 3041 δὲ
636 2972 924 3060 Θέμιστα
967 2971 1234 3041 κέλευσε
1279 2975 1484 3051 θεοὺς
1527 2973 1858 3058 ἀγορήνδε
1900 2969 2216 3038 καλέσσαι

301 3082 538 3168 κρατὸς
582 3079 690 3147 ἀπ’
739 3081 1126 3165 Οὐλύμποιο
1170 3081 1621 3165 πολυπτύχου·
1665 3079 1707 3163 ἡ
1746 3077 1808 3144 δ’
1842 3079 1970 3163 ἄρα
2013 3070 2228 3163 πάντῃ
2277 3089 2307 3140 ⁵

303 3190 674 3273 φοιτήσασα
717 3185 984 3254 κέλευσε
1028 3188 1197 3264 Διὸς
1240 3187 1408 3273 πρὸς
1453 3188 1639 3271 δῶμα
1683 3185 1975 3252 νέεσθαι.

305 3295 459 3361 οὔτε
500 3317 601 3372 τις
646 3288 771 3359 οὖν
814 3302 1127 3377 ποταμῶν
1173 3291 1415 3376 ἀπέην,
1459 3289 1659 3377 νόσφ’
1704 3287 2072 3373 Ὠκεανοῖο,

309 3395 450 3466 οὔτ’
492 3402 620 3485 ἄρα
664 3399 1023 3484 νυμφάων,
1070 3399 1146 3463 αἵ
1181 3394 1240 3463 τ’
1283 3400 1485 3464 ἄλσεα
1527 3400 1694 3465 καλὰ
1737 3395 2049 3482 νέμονται

303 3505 414 3573 καὶ
457 3507 669 3590 πηγὰς
710 3515 1024 3589 ποταμῶν
1069 3501 1179 3569 καὶ
1220 3506 1416 3569 πίσεα
1458 3506 1790 3588 ποιήεντα.
