2525 3884
322 205 449 270 140
1116 205 1418 258 ῑΔΙΑΔοΣ
1456 202 1519 258 Σ.

317 350 522 414 ἄλλον
565 356 908 434 τεθνηῶτα
952 350 1116 414 κατὰ
1160 350 1381 432 μόθον
1426 345 1572 412 ἕλκε
1612 346 1905 411 ποδοῖιν·

317 447 466 538 εἷμα
511 451 572 520 δ’
617 449 708 539 ἔχ’
751 450 914 540 ἀμφ’
960 455 1196 538 ὤμοισι
1242 453 1607 538 δαφοινεὸν
1653 451 1876 535 αἵματι
1924 460 2186 534 φωτῶν.

317 559 604 644 ὡμίλευν
650 557 712 627 δ’
755 561 845 637 ὥς
878 583 949 626 τε
995 558 1147 639 ζωοὶ
1190 557 1420 645 βροτοὶ
1465 554 1585 642 ἠδὲ
1631 558 1951 642 μάχοντο,
2084 562 2089 566 ’
2155 602 2168 618 .
2483 618 2484 641 ἦ

315 668 593 752 νεκρούς
635 661 696 730 τ’
739 667 1043 751 ἀλλήλων
1090 669 1293 752 ἔρυον
1336 669 1902 746 κατατεθνηῶτας.
2227 678 2353 729 540
2483 706 2484 709 =

405 771 479 837 ἐν
526 769 586 836 δ’
631 772 837 840 ἐτίθει
882 773 1064 838 νειὸν
1110 773 1441 855 μαλακήν,
1486 773 1748 856 πίειραν
1795 770 2125 855 ἄρουραν,

317 877 584 963 εὐρεῖαν
626 881 971 964 τρίπολον·
1017 874 1252 943 πολλοὶ
1300 862 1361 941 δ’
1404 875 1717 962 ἀροτῆρες
1764 875 1836 940 ἐν
1883 875 2047 960 αὐτῇ

320 984 545 1067 ζεύγεα
592 984 968 1060 δινεύοντες
1011 983 1365 1069 ἐλάστρεον
1410 985 1581 1047 ἔνθα
1624 979 1736 1046 καὶ
1772 984 1960 1046 ἔνθα.

318 1089 390 1153 οἱ
430 1086 490 1153 δ’
535 1087 730 1155 ὁπότε
774 1088 1169 1175 στρέψαντες
1216 1089 1466 1153 ἱκοίατο
1511 1085 1749 1153 τέλσον
1794 1087 2115 1173 ἀρούρης,

315 1204 489 1260 τοῖσι
535 1192 595 1261 δ’
640 1189 837 1261 ἔπειτ’
878 1193 952 1260 ἐν
996 1191 1182 1280 χερσὶ
1228 1193 1428 1270 δέπας
1474 1192 1818 1278 μελιηδέος
1862 1199 2055 1259 οἴνου
2228 1208 2345 1257 545

319 1301 558 1366 δόσκεν
603 1301 773 1388 ἀνὴρ
819 1301 1049 1367 ἐπιών·
1094 1298 1199 1365 τοὶ
1245 1296 1321 1366 δὲ
1367 1298 1782 1386 στρέψασκον
1828 1295 1931 1364 ἀν’
1977 1299 2257 1383 ὄγμους,

321 1406 570 1491 ἱέμενοι
611 1418 822 1473 νειοῖο
866 1409 1147 1491 βαθείης
1188 1405 1425 1472 τέλσον
1472 1404 1754 1472 ἱκέσθαι.

316 1511 359 1596 ἡ
406 1508 481 1578 δὲ
525 1510 848 1597 μελαίνετ’
890 1514 1202 1595 ὄπισθεν,
1251 1510 1629 1598 ἀρηρομένῃ
1679 1507 1754 1576 δὲ
1800 1508 2030 1600 ἐῴκειν

317 1621 588 1703 χρυσείη
634 1639 757 1704 περ
805 1618 1034 1683 ἐοῦσα·
1078 1619 1154 1683 τὸ
1202 1618 1286 1701 δὴ
1330 1615 1481 1703 περὶ
1523 1622 1754 1701 θαῦμα
1798 1617 2083 1683 τέτυκτο.
2312 1652 2318 1656 -

407 1723 481 1789 ἐν
528 1720 588 1789 δ’
631 1723 839 1789 ἐτίθει
882 1721 1152 1808 τέμενος
1196 1725 1601 1806 βαθυλήιον·
1649 1725 1818 1788 ἔνθα
1864 1719 1924 1788 δ’
1969 1725 2191 1807 ἔριθοι
2226 1737 2341 1788 550

318 1830 507 1913 ἤμων
552 1826 764 1908 ὀξείας
810 1829 1140 1915 δρεπάνας
1184 1828 1258 1894 ἐν
1304 1827 1531 1915 χερσὶν
1578 1831 1855 1913 ἔχοντες.

321 1937 661 2022 δράγματα
707 1932 767 2001 δ’
812 1935 978 2001 ἄλλα
1023 1932 1158 2020 μετ’
1203 1937 1415 2019 ὄγμον
1465 1934 1785 2020 ἐπήτριμα
1828 1944 2069 2000 πῖπτον
2114 1936 2332 2020 ἔραζε,

320 2043 486 2108 ἄλλα
533 2039 593 2108 δ’
638 2041 1157 2127 ἀμαλλοδετῆρες
1202 2040 1277 2106 ἐν
1324 2041 1733 2106 ἐλλεδανοῖσι
1779 2039 2029 2106 δέοντο.
2062 2092 2071 2099 .

319 2158 495 2232 τρεῖς
539 2143 601 2212 δ’
644 2144 748 2233 ἄρ’
792 2146 1313 2233 ἀμαλλοδετῆρες
1357 2143 1755 2230 ἐφέστασαν·
1800 2145 2006 2232 αὐτὰρ
2050 2148 2332 2212 ὄπισθεν

321 2255 550 2330 παῖδες
595 2247 1108 2339 δραγμεύοντες,
1158 2253 1230 2318 ἐν
1277 2252 1700 2334 ἀγκαλίδεσσι
1745 2251 2090 2337 φέροντες,
2227 2268 2332 2319 555

322 2355 639 2445 ἀσπερχὲς
680 2360 988 2446 πάρεχον.
1079 2359 1390 2442 βασιλεὺς
1435 2354 1501 2422 δ’
1545 2356 1619 2423 ἐν
1662 2367 1836 2422 τοῖσι
1880 2367 2094 2443 σιωπῇ

323 2474 655 2551 σκῆπτρον
701 2468 869 2549 ἔχων
916 2464 1170 2547 ἑστήκει
1215 2462 1315 2529 ἐπ’
1360 2465 1571 2549 ὄγμου
1616 2465 1999 2553 γηθόσυνος
2041 2472 2183 2550 κῆρ.

321 2574 600 2657 κήρυκες
644 2567 705 2635 δ’
749 2569 1128 2636 ἀπάνευθεν
1173 2569 1303 2635 ὑπὸ
1351 2570 1512 2655 δρυῒ
1552 2570 1744 2635 δαῖτα
1788 2568 2100 2653 πένοντο,

320 2681 493 2756 βοῦν
539 2671 603 2743 δ’
645 2676 1057 2761 ἱερεύσαντες
1100 2673 1310 2758 μέγαν
1355 2677 1689 2760 ἄμφεπον·
1735 2677 1811 2741 αἱ
1851 2673 1925 2742 δὲ
1966 2686 2288 2769 γυναῖκες,

324 2785 597 2849 δεῖπνον
643 2782 976 2868 ἐρίθοισιν
1021 2778 1197 2846 λεύκ’
1252 2782 1496 2866 ἄλφιτα
1538 2783 1751 2847 πολλὰ
1793 2783 2110 2847 πάλυνον.
2225 2799 2325 2851 560
2379 2854 2386 2859 ,

412 2889 486 2954 ἐν
533 2885 594 2953 δ’
647 2880 856 2956 ἐτίθει
900 2891 1273 2972 σταφυλῇσι
1317 2886 1483 2972 μέγα
1528 2890 1907 2974 βρίθουσαν
1951 2886 2173 2972 ἀλωὴν

322 2996 533 3079 καλὴν
576 2996 917 3081 χρυσείην·
964 2991 1241 3078 μέλανες
1287 2991 1350 3084 δ’
1394 2993 1523 3060 ἀνὰ
1566 2984 1843 3080 βότρυες
1885 2989 2085 3078 ἦσαν,

330 3099 584 3184 ἑστήκει
629 3097 704 3167 δὲ
746 3097 984 3184 κάμαξι
1030 3095 1381 3186 διαμπερὲς
1425 3098 1847 3186 ἀργυρέῃσιν.

324 3205 495 3292 ἀμφὶ
541 3203 615 3273 δὲ
658 3204 948 3289 κυανέην
991 3206 1307 3289 κάπετον,
1353 3203 1504 3287 περὶ
1550 3203 1611 3271 δ’
1656 3192 1846 3292 ἕρκος
1891 3197 2166 3272 ἔλασσεν

323 3312 741 3399 κασσιτέρου·
787 3316 903 3397 μία
949 3309 1011 3378 δ’
1055 3317 1161 3397 οἴη
1209 3312 1575 3400 ἀταρπιτὸς,
1604 3307 1725 3396 ἦεν
1770 3308 1870 3377 ἐπ’
1915 3311 2151 3395 αὐτήν,
2225 3324 2319 3378 565

325 3429 404 3506 τῇ
447 3423 758 3486 νίσσοντο
807 3426 1083 3504 φορῆες,
1136 3418 1243 3483 ὅτε
1287 3419 1627 3504 τρυγόῳεν
1673 3416 1913 3511 ἀλωήν.

326 3521 723 3612 παρθενικαὶ
768 3520 844 3590 δὲ
886 3521 997 3590 καὶ
1039 3523 1262 3608 ἠίθεοι
1307 3522 1513 3589 ἀταλὰ
1558 3520 1958 3611 φρονέοντες
