2525 3884
970 196 1275 247 1A1AA02
1311 182 1503 249 'xxm
2111 193 2246 258 239

951 389 1387 466 ΙΛΙΑΔΟΣ
1439 391 1532 465 Ω.

904 611 1277 699 Ἕκτορος
1322 614 1579 698 λύτρα.

327 761 485 821 λῦτο
533 752 595 821 δ’
649 754 860 838 ἀγών,
908 754 1057 820 λαοὶ
1104 752 1178 822 δὲ
1221 758 1394 833 θοὰς
1440 754 1546 821 ἐπὶ
1589 764 1755 840 νῆας
1798 755 2058 822 ἕκαστοι

239 860 606 928 εσκίδναντ’
660 859 847 927 ἰέναι.
889 860 994 927 τοὶ
1039 858 1161 946 μὲν
1208 863 1484 946 δόρποιο
1532 861 1812 946 μέδοντο

244 967 465 1033 ὕπνου
510 990 578 1032 τε
624 971 951 1052 γλυκεροῦ
994 971 1425 1053 ταρπήμεναι·
1473 969 1679 1053 αὐτὰρ
1719 964 2046 1052 Ἀχιλλεὺς

237 1079 422 1139 κλαῖε
468 1078 671 1159 φίλου
710 1072 945 1158 ἑτάρου
991 1072 1432 1158 μεμνημένος,
1481 1072 1644 1140 οὐδέ
1683 1098 1799 1158 μιν
1842 1074 2053 1150 ὕπνος

241 1178 392 1265 ᾔρει
433 1179 900 1263 πανδαμάτωρ,
948 1175 1095 1244 ἀλλ’
1147 1176 1481 1264 ἐστρέφετ’
1532 1182 1701 1244 ἔνθα
1744 1176 1856 1244 καὶ
1901 1183 2071 1245 ἔνθα
2224 1198 2252 1244 5

244 1287 665 1369 [Πατρόκλου
711 1283 982 1350 ποθέων
1028 1284 1400 1370 ἀνδροτῆτά
1443 1308 1514 1349 τε
1556 1283 1666 1349 καὶ
1711 1284 1909 1369 μένος
1949 1285 2037 1368 ἠὺ

237 1387 346 1474 ἠδ’
399 1391 608 1457 ὁπόσα
651 1391 1015 1455 τολύπευσε
1062 1394 1189 1455 σὺν
1236 1391 1412 1478 αὐτῷ
1459 1388 1570 1457 καὶ
1613 1391 1833 1456 πάθεν
1878 1392 2079 1473 ἄλγεα

238 1497 505 1583 ἀνδρῶν
548 1520 618 1562 τε
661 1493 1028 1580 πτολέμους
1071 1496 1374 1580 ἀλεγεινά
1417 1519 1509 1571 τε,
1532 1498 1786 1580 κύματα
1829 1498 2102 1580 πείρων·

237 1613 374 1667 τῶν
420 1605 945 1687 μιμνησκόμενος
988 1603 1284 1687 θαλερὸν
1328 1603 1490 1667 κατὰ
1536 1602 1828 1686 δάκρυον
1876 1597 2051 1686 εἶβεν
2065 1606 2113 1684 ,]

239 1702 464 1774 ἄλλοτ’
516 1708 622 1774 ἐπὶ
664 1710 952 1792 πλευρὰς
993 1711 1476 1792 κατακείμενος,
1524 1709 1757 1774 ἄλλοτε
1805 1704 1866 1773 δ’
1919 1703 2074 1774 αὖτε
2189 1725 2252 1774 10

241 1815 494 1897 ὕπτιος,
541 1816 774 1880 ἄλλοτε
822 1811 896 1880 δὲ
938 1818 1223 1899 πρηνήςτ
1263 1810 1412 1879 τοτὲ
1458 1809 1521 1879 δ’
1574 1815 1781 1900 ὀρθὸς
1825 1814 2108 1890 ἀναστὰς

244 1916 570 1986 δινεύεσκ’
622 1919 846 1986 ἀλύων
890 1922 1068 2005 παρὰ
1109 1915 1254 1985 θῖν’
1307 1918 1479 1997 ἁλός.
1527 1919 1690 1986 οὐδέ
1730 1944 1844 2005 μιν
1889 1921 2021 2004 ἠὼς

241 2024 611 2111 φαινομένη
659 2028 985 2110 λήθεσκεν
1030 2024 1221 2110 ὑπεὶρ
1268 2026 1394 2091 ἅλα
1438 2021 1497 2089 τ’
1549 2025 1779 2108 ἠιόνας
1822 2049 1921 2109 τε,

243 2128 387 2197 ἀλλ’
445 2132 482 2197 ὅ
527 2128 592 2214 γ’
644 2129 783 2197 ἐπεὶ
831 2130 1107 2211 ζεύξειεν
1152 2128 1271 2218 ὑφ’
1323 2132 1611 2215 ἅρμασιν
1657 2130 1863 2207 ὠκέας
1907 2132 2172 2214 ἵππους,

232 2236 511 2324 Ἕκτορα
561 2233 622 2302 δ’
676 2236 985 2303 ἕλκεσθαι
1031 2238 1393 2321 δησάσκετο
1442 2238 1692 2319 δίφρου
1738 2238 2050 2319 ὄπισθεν,
2193 2255 2254 2302 15

243 2343 384 2429 τρὶς
430 2338 493 2408 δ’
545 2342 785 2426 ἐρύσας
828 2342 979 2426 περὶ
1025 2352 1197 2426 σῆμα
1241 2342 1696 2409 Μενοιτιάδαο
1741 2344 2074 2419 θανόντος

245 2444 430 2526 αὖτις
476 2447 577 2515 ἐνὶ
620 2451 840 2533 κλισίῃ
888 2446 1277 2531 παυέσκετο,
1323 2449 1441 2514 τὸν
1489 2447 1568 2514 δέ
1607 2444 1666 2513 τ’
1718 2450 1949 2514 ἔασκεν

243 2554 316 2620 ἐν
359 2556 508 2620 κόνι
554 2552 916 2630 ἐκτανύσας
958 2552 1359 2638 προπρηνέα.
1404 2565 1545 2620 τοῖο
1594 2550 1658 2619 δ’
1705 2550 2038 2621 Ἀπόλλων

242 2668 461 2725 πᾶσαν
506 2658 793 2742 ἀεικείην
837 2659 1034 2743 ἄπεχε
1078 2664 1257 2745 χροΐ,
1305 2657 1475 2744 φῶτ’
1529 2660 1844 2746 ἐλεαίρων

242 2763 351 2831 καὶ
395 2766 726 2846 τεθνηότα
769 2784 923 2849 περ·
968 2763 1118 2849 περὶ
1164 2761 1231 2831 δ’
1284 2766 1492 2849 αἰγίδι
1535 2766 1748 2830 πάντα
1783 2767 2109 2831 κάλυπτεν
2189 2783 2255 2831 20

243 2874 537 2956 χρυσείῃ,
584 2870 693 2935 ἵνα
739 2871 828 2954 μή
874 2894 988 2955 μιν
1036 2870 1417 2955 ἀποδρύφοι
1463 2869 1883 2948 ἑλκυστάζων.

334 2970 421 3052 ὧς
465 2976 502 3040 ὁ
547 2972 669 3060 μὲν
698 2974 981 3062 ’Ἕκτορα
1027 2978 1177 3041 δῖον
1224 2977 1503 3054 ἀείκιζεν
1548 2978 1939 3060 μενεαίνων·

202 3083 363 3160 ,τὸν
410 3078 471 3146 δ’
523 3081 936 3169 ἐλεαίρεσκον
981 3082 1266 3167 μάκαρες
1310 3079 1464 3146 θεοὶ
1510 3082 1964 3165 εἰσορόωντες,

244 3185 480 3265 κλέψαι
527 3183 589 3252 δ’
642 3188 1043 3274 ὀτρύνεσκον
1091 3187 1421 3253 ἐύσκοπον
1466 3186 1922 3272 ἀργεϊφόντην.

249 3288 399 3359 ἔνθ’
449 3293 674 3371 ἄλλοις
716 3291 837 3378 μὲν
879 3301 1080 3359 πᾶσιν
1128 3291 1471 3376 ἑήνδανεν,
1520 3291 1684 3358 οὐδέ
1721 3289 1882 3358 ποθ’
1917 3291 2090 3377 ’Ήρῃ
2189 3308 2256 3356 25

248 3395 410 3466 οὐδὲ
458 3393 870 3464 Ποσειδάων’
923 3397 1082 3464 οὐδὲ
1126 3399 1537 3482 γλαυκώπιδι
1579 3400 1818 3484 κούρῃ,

248 3499 395 3571 ἀλλ’
448 3507 629 3590 ἔχον,
678 3504 765 3580 ὥς
809 3520 974 3588 σφιν
1018 3516 1284 3590 πρῶτον
1330 3504 1662 3589 ἀπήχθετο
1691 3502 1896 3576 Ἴλιος
1940 3502 2046 3585 ἱρὴ
