2525 3884
46 456 65 941 Γ

45 1710 55 1965 v

847 185 859 194 ’
981 198 1284 250 muoz
1318 200 1489 252 xvn.
2104 195 2226 260 121
2271 238 2280 251 .

214 339 490 418 „mima
534 336 675 404 κατ’
718 335 914 406 αἶσαν
959 344 1200 423 ἔειπες,
1241 337 1551 424 ἀγακλεὲς
1595 332 1647 406 ὦ
1693 340 2024 408 Μενέλαε·

214 441 385 509 ἀλλὰ
436 450 526 512 σὺ
569 444 692 531 μὲν
736 446 848 512 καὶ
891 450 1243 533 Μηριόνης
1289 446 1619 513 ὑποδύντε
1663 444 1814 532 μάλ’
1857 439 1993 513 ὦκα

210 553 468 637 νεκρὸν
513 552 851 639 ἀείραντες
893 549 1112 640 φέρετ’
1157 553 1229 619 ἐκ
1271 556 1512 619 πόνου·
1557 553 1764 637 αὐτὰρ
1812 556 2094 620 ὄπισθεν

211 665 344 725 νῶι
393 661 830 744 μαχησόμεθα
882 663 1143 743 Τρωσίν
1186 682 1257 725 τε
1301 656 1412 725 καὶ
1442 657 1706 744 Ἕκτορι
1751 660 1903 746 δίῳ,

214 754 375 826 ἴσον
424 766 649 849 θυμὸν
694 768 955 851 ἔχοντες
999 765 1373 850 ὁμώνυμοι,
1419 769 1491 831 οἳ
1528 768 1601 832 τὸ
1646 765 1855 851 πάρος
1898 787 2020 851 περ
2130 782 2234 832 720

213 870 553 954 μίμνομεν
598 868 759 948 ὀξὺν
784 869 997 956 ’Ἀρηα
1040 867 1193 955 παρ’
1236 870 1578 955 ἀλλήλοισι
1622 869 1995 956 μένοντες.“

310 963 409 1052 ὧς
450 969 679 1060 ἔφαθ’,
727 977 797 1040 oc
838 975 898 1041 δ’
942 978 1071 1060 ἄρα
1124 978 1363 1063 νεκρὸν
1409 976 1535 1042 ἀπὸ
1580 977 1831 1062 χθονὸς
1875 976 2234 1060 ἀγκάζοντο

214 1078 352 1158 ὕψι
398 1083 568 1164 μάλα
613 1083 933 1166 μεγάλως·
981 1080 1086 1148 ἐπὶ
1132 1077 1194 1148 δ’
1238 1089 1379 1167 ἴαχε
1424 1085 1581 1160 λαὸς
1626 1086 1911 1149 ὄπισθεν

223 1189 554 1271 Τρωικός,
601 1189 690 1265 ὡς
735 1189 995 1254 εἴδοντο
1041 1186 1241 1254 νέκυν
1290 1195 1597 1275 αἴροντας
1635 1185 1949 1273 Ἀχαιούς.

220 1297 478 1359 ῦθυσαν
522 1291 598 1360 δὲ
640 1296 955 1361 κύνεσσιν
1001 1295 1314 1378 ἐοικότες,
1360 1295 1433 1360 οἵ
1470 1292 1527 1359 τ’
1573 1294 1676 1360 ἐπὶ
1721 1295 1948 1383 κάπρῳ
2130 1312 2231 1361 725

220 1399 529 1488 βλημένῳ
577 1399 807 1479 ἀίξωσι
839 1402 977 1486 ’πρὸ
1027 1402 1293 1486 κούρων
1337 1403 1766 1485 θηρητήρων·

224 1503 356 1582 ἕως
397 1503 515 1590 μὲν
560 1506 687 1592 γάρ
732 1529 802 1571 τε
845 1505 1085 1572 θέουσι
1133 1508 1514 1591 διαρραῖσαι
1557 1516 1915 1591 μεμαῶτες,

225 1607 372 1676 ἀλλ’
413 1612 517 1677 ὅτε
564 1614 648 1696 δή
694 1606 756 1697 ῥ’
800 1611 873 1677 ἐν
915 1624 1130 1678 τοῖσιν
1177 1610 1453 1691 ἑλίξεται
1497 1610 1645 1677 ἀλκὶ
1687 1615 2055 1697 πεπονθώς,

226 1717 325 1795 ἄψ
366 1713 424 1782 τ’
457 1718 890 1804 ἀνεχώρησαν
937 1719 1049 1782 διά
1092 1713 1149 1782 τ’
1192 1720 1464 1803 ἔτρεσαν
1509 1720 1781 1796 ἄλλυδις
1824 1722 2037 1798 ἄλλος.

229 1817 321 1899 ὧς
369 1829 587 1909 Τρῶες
630 1825 778 1900 εἵως
819 1820 942 1908 μὲν
987 1823 1310 1907 ὁμιλαδὸν
1357 1822 1501 1890 αἰὲν
1547 1825 1783 1891 ἕποντο
2130 1843 2235 1893 ’130

229 1931 586 2006 νύσσοντες
631 1929 890 2014 ξίφεσίν
934 1952 1005 1993 τε
1049 1927 1159 1993 καὶ
1204 1932 1463 2016 ἔγχεσιν
1509 1930 1967 2017 ἀμφιγύοισιν·

233 2030 371 2105 ἀλλ’
413 2037 521 2101 ὅτε
567 2038 651 2120 δή
697 2030 761 2122 ῤ’
802 2040 1049 2100 Αἴαντε
1099 2035 1668 2121 μεταστρεφθέντε
1712 2031 1854 2100 κατ’
1905 2035 2146 2112 αὐτοὺς

233 2146 575 2227 σταίησαν,
619 2153 758 2206 τῶν
803 2138 877 2206 δὲ
919 2142 1197 2227 τράπετο
1243 2143 1447 2226 χρώς,
1493 2139 1658 2206 οὐδέ
1694 2163 1795 2217 τις
1837 2143 1985 2224 ἔτλη
2141 2128 2144 2135 ’

231 2251 496 2334 πρόσσω
542 2247 726 2326 ἀίξας
768 2245 918 2333 περὶ
962 2257 1204 2333 νεκροῦ
1252 2247 1673 2333 δηριάασθαι.

317 2348 404 2430 ὧς
450 2354 522 2419 οἵ
558 2349 624 2436 γ’
667 2353 1042 2437 ἐμμεμαῶτε
1085 2351 1289 2416 νέκυν
1331 2349 1544 2437 φέρον
1589 2351 1661 2416 ἐκ
1704 2351 2018 2438 πολέμοιο
2128 2372 2230 2422 ’135

227 2468 389 2544 νῆας
434 2462 541 2524 ἔπι
583 2458 953 2543 γλαφυράς·
1000 2455 1104 2522 ἐπὶ
1151 2453 1226 2521 δὲ
1269 2458 1588 2541 πτόλεμος
1630 2456 1855 2523 τέτατό
1900 2475 2064 2545 σφιν

229 2567 457 2652 ἄγριος
500 2565 656 2647 ἠύτε
699 2573 863 2648 πῦρ,
908 2565 984 2627 τό
1028 2558 1085 2626 τ’
1130 2561 1577 2646 ἐπεσσύμενον
1621 2566 1816 2630 πόλιν
1861 2565 2128 2652 ἀνδρῶν

227 2673 531 2756 ὄρμενον
559 2669 871 2754 ἐξαίφνης
917 2668 1261 2752 φλεγέθει,
1309 2669 1674 2752 μινύθουσι
1722 2665 1795 2734 δὲ
1842 2665 2012 2736 οἶκοι

229 2777 301 2842 ἐν
347 2775 538 2841 σέλαι·
577 2776 863 2862 μεγάλω·
905 2776 981 2840 τὸ
1029 2772 1090 2839 δ’
1136 2774 1468 2859 ἐπιβρέμει
1513 2776 1574 2852 ἲς
1618 2775 1906 2860 ἀνέμοιο.

229 2876 314 2958 ως
358 2878 480 2965 μὲν
523 2893 663 2959 τοῖς
706 2881 925 2949 ἵππων
968 2902 1039 2945 τε
1082 2878 1193 2945 καὶ
1239 2880 1506 2967 ἀνδρῶν
1551 2881 1929 2965 αἰχμητάων
2129 2899 2231 2948 740

221 2987 461 3071 ἀζηχὴς
505 2986 881 3073 ὀρυμαγδὸς
927 2986 1149 3070 ἐπήιεν
1196 2985 1676 3071 ἐρχομένοισιν·

118 3168 122 3175 ,
231 3093 298 3157 οἰ
337 3087 427 3176 δ’,
474 3118 565 3170 ως
606 3087 678 3157 θ’
719 3092 986 3176 ἡμίονοι
1030 3093 1352 3177 κρατερὸν
1398 3091 1595 3176 μένος
1639 3091 2121 3176 ἀμφιβαλόντες

142 3286 150 3291 η
232 3178 456 3264 gadem&
499 3197 566 3278 ἐξ
613 3201 803 3281 όρεος
845 3199 1008 3262 κατα
1051 3199 1543 3262 παιπαλόεσσαν
1589 3196 1883 3281 ἀταρπὸν

230 3303 270 3386 ἢ
313 3306 513 3401 δοκὸν
557 3300 633 3386 ἠὲ
683 3304 850 3388 δόρυ
896 3301 1061 3386 μέγα
1104 3303 1326 3383 νήιον·
1373 3302 1446 3367 ἐν
1492 3301 1571 3367 δέ
1609 3324 1680 3367 τε
1723 3304 1943 3387 θυμὸς

234 3407 470 3497 τείρεθ’
515 3409 685 3493 ὁμοῦ
728 3408 994 3495 καμάτῳ
1040 3430 1111 3472 τε
1154 3404 1266 3471 καὶ
1314 3407 1476 3493 ἱδρῷ
1526 3408 2065 3472 σπευδόντεσσιν·
2127 3424 2228 3472 '145

238 3507 317 3593 ὦς
361 3516 431 3580 οἵ
468 3509 532 3599 γ’
575 3514 950 3598 ἐμμεμαῶτε
995 3511 1199 3577 νέκυν
1245 3511 1474 3597 φέρον.
1564 3510 1770 3594 αὐτὰρ
1816 3512 2098 3572 ὄπισθεν
