2525 3884
290 198 332 261 2
1072 202 1375 255 [Ammon
1412 203 1477 258 Ν.

290 340 612 426 ὠκυπέτα,
657 343 1018 429 χρυσέῃσιν
1064 346 1409 430 ἐθείρῃσιν
1454 347 1809 429 κομόωντε,

288 450 538 532 χρυσὸν
568 446 630 513 δ’
657 450 852 526 αὐτὸς
881 451 1075 515 ἔδυνε
1110 449 1260 535 περὶ
1289 453 1458 536 χροΐ,
1496 449 1687 533 γέντο
1737 445 1798 515 δ’
1836 451 2170 535 ἱμάσθλην
2228 468 2301 517 25

291 556 607 639 χρυσείην
655 555 991 638 ἐύτυκτον,
1039 554 1153 621 ἑοῦ
1199 552 1263 620 δ’
1316 556 1666 640 ἐπεβήσετο
1715 558 1980 643 δίφρου.

289 661 374 742 βῆ
422 653 484 724 δ’
536 660 737 725 ἐλάαν
783 660 889 726 ἐπὶ
932 655 1164 745 κύματ’
1182 680 1197 695 ·
1243 663 1479 727 ἄταλλε
1526 659 1601 727 δὲ
1644 660 1819 747 κήτε’
1870 660 1981 729 ὑπ’
2036 663 2244 729 αὐτοῦ

292 765 634 830 πάντοθεν
680 765 751 831 ἐκ
795 773 1130 850 κευθμῶν,
1177 763 1325 830 οὐδ’
1376 766 1734 852 ἠγνοίησεν
1780 770 2052 834 ἄνακτα·

288 872 639 954 γηθοσύνη
689 868 764 937 δὲ
805 872 1113 937 θάλασσα
1159 872 1479 937 διίστατο·
1524 872 1629 938 τοὶ
1674 871 1749 939 δὲ
1794 873 2068 941 πέτοντο

290 975 502 1061 ῥίμφα
549 974 725 1060 μάλ’,
773 974 921 1041 οὐδ’
972 976 1302 1062 ὑπένερθε
1348 979 1637 1043 διαίνετο
1683 979 1954 1063 χάλκεος
1998 978 2189 1057 ἄξων.
2231 998 2305 1047 30

286 1082 407 1146 τὸν
453 1077 516 1145 δ’
568 1081 635 1159 ἐς
673 1078 949 1166 Ἀχαιῶν
992 1091 1156 1166 νῆας
1202 1082 1611 1169 ἐύσκαρθμοι
1656 1084 1868 1170 φέρον
1915 1087 2117 1152 ἵπποι.

378 1190 516 1252 ἔστι
561 1187 641 1253 δέ
670 1211 734 1253 τι
781 1188 978 1265 σπέος
1023 1190 1186 1272 εὐρὺ
1231 1192 1512 1272 βαθείης
1555 1189 1829 1272 βένθεσι
1875 1195 2131 1276 λίμνης,

290 1296 622 1377 μεσσηγὺς
673 1293 983 1360 Τενέδοιο
1028 1292 1139 1359 καὶ
1165 1293 1448 1381 Ἴμβρου
1492 1295 2003 1381 παιπαλοέσσης·

291 1393 440 1462 ἔνθ’
493 1399 733 1477 ἵππους
778 1402 1009 1484 ἔστησε
1054 1401 1450 1466 Ποσειδάων
1496 1400 1868 1486 ἐνοσίχθων

292 1504 499 1581 λύσας
543 1505 611 1584 ἐξ
657 1504 889 1590 ὀχέων,
934 1507 1111 1592 παρὰ
1157 1503 1219 1570 δ’
1273 1507 1638 1592 ἀμβρόσιον
1685 1508 1886 1591 βάλεν
1932 1504 2116 1593 εἶδαρ
2230 1525 2298 1576 35

293 1610 588 1693 ἔδμεναι·
637 1609 804 1694 ἀμφὶ
850 1607 925 1675 δὲ
970 1607 1169 1675 ποσσὶ
1213 1610 1417 1688 πέδας
1462 1615 1653 1695 ἔβαλε
1700 1616 2007 1700 χρυσείας

293 1714 662 1801 ἀρρήκτους
705 1716 1007 1798 ἀλύτους,
1056 1712 1210 1802 ὄφρ’
1264 1719 1551 1801 ἔμπεδον
1598 1713 1763 1785 αὖθι
1809 1719 2073 1805 μένοιεν

290 1821 705 1903 νοστήσαντα
750 1821 1016 1885 ἄνακτα.
1100 1821 1135 1887 ὁ
1182 1819 1244 1886 δ’
1300 1822 1366 1898 ἐς
1413 1827 1694 1909 στρατὸν
1740 1822 1925 1914 ᾤχετ’
1971 1821 2249 1912 Ἀχαιῶν

385 1930 602 2013 Τρῶες
648 1923 721 1992 δὲ
765 1926 967 2011 φλογὶ
1019 1922 1151 1994 ἶσοι
1196 1928 1461 2006 ἀολλέες
1504 1927 1581 2014 ἠὲ
1625 1931 1879 2017 θυέλλῃ

272 2029 541 2118 ’Ἕκτορι
586 2033 924 2118 Πριαμίδῃ
973 2034 1221 2117 ἄμοτον
1268 2045 1596 2119 μεμαῶτες
1641 2034 1900 2119 ἕποντο,
2226 2053 2297 2104 4ο

290 2139 575 2223 ἄβρομοι
620 2139 910 2224 αὐίαχοι·
958 2142 1235 2205 ἔλποντο
1284 2137 1361 2206 δὲ
1404 2150 1568 2224 νῆας
1606 2136 1884 2225 Ἀχαιῶν

292 2244 611 2329 αἱρήσειν,
657 2244 945 2311 κτενέειν
992 2242 1065 2310 δὲ
1109 2244 1262 2331 ’παρ’
1319 2246 1562 2331 αὐτόφι
1606 2246 1853 2321 πάντας
1898 2243 2223 2331 ἀρίστους.

292 2349 457 2415 ἀλλὰ
502 2349 896 2414 Ποσειδάων
939 2353 1250 2436 γαιήοχος
1296 2351 1710 2435 ἐννοσίγαιος

282 2452 619 2539 Ἀργείους
665 2455 937 2539 ὤτρυνε,
985 2458 1263 2539 βαθείης
1308 2455 1374 2534 ἐξ
1421 2455 1578 2532 ἁλὸς
1622 2454 1872 2539 ἐλθών,

293 2559 633 2643 εἰσάμενος
676 2558 1011 2644 Κάλχαντι
1056 2559 1255 2644 δέμας
1299 2558 1408 2626 καὶ
1453 2560 1710 2647 ἀτειρέα
1755 2563 2006 2645 φωνήν.
2081 2553 2085 2557 ’
2224 2579 2294 2629 45

292 2672 539 2732 Αἴαντε
581 2667 817 2753 πρώτω
861 2667 1184 2753 προσέφη,
1229 2677 1525 2750 μεμαῶτε
1569 2665 1679 2731 καὶ
1723 2667 1926 2733 αὐτώ·

293 2777 606 2856 ,,Αἰάντε,
654 2773 802 2857 σφὼ
848 2770 969 2856 μέν
1012 2794 1081 2836 τε
1127 2772 1412 2838 σαώσετε
1457 2774 1621 2838 λαὸν
1658 2769 1936 2857 Ἀχαιῶν

293 2877 493 2962 ἀλκῆς
536 2876 951 2962 μνησαμένω,
998 2874 1162 2961 μηδὲ
1206 2889 1514 2964 κρυεροῖο
1561 2881 1821 2964 φόβοιο.

293 2984 457 3069 ἄλλῃ
505 2980 627 3067 μὲν
670 2984 796 3068 γὰρ
844 2982 971 3067 ἐγώ
1016 2979 1080 3067 γ’
1134 2982 1217 3048 οὐ
1263 2984 1477 3049 δείδια
1522 2996 1744 3071 χεῖρας
1787 2984 2077 3062 ἀάπτους

301 3089 571 3175 Τρώων,
617 3092 689 3154 οἳ
727 3087 891 3174 μέγα
935 3099 1146 3173 τεῖχος
1188 3089 1725 3176 ὑπερκατέβησαν
1771 3091 2004 3178 ὁμίλῳ·
2228 3106 2300 3158 50

293 3193 561 3273 ἕξουσιν
604 3196 731 3280 γὰρ
777 3195 1025 3272 πάντας
1070 3194 1457 3280 ἐυκνήμιδες
1495 3194 1768 3282 Ἀχαιοί·

293 3309 372 3386 τῇ
419 3298 493 3367 δὲ
539 3301 620 3385 δὴ
667 3302 1018 3366 αἰνότατον
1064 3302 1461 3388 περιδείδια,
1507 3303 1596 3385 μή
1640 3325 1704 3366 τι
1748 3302 2097 3387 πάθωμεν,

183 3396 189 3402 ’
295 3395 337 3493 ᾗ
384 3403 447 3493 ῤ’
501 3407 538 3471 ὅ
581 3403 643 3489 γ’
699 3406 734 3472 ὁ
782 3407 1128 3490 λυσσώδης
1173 3405 1376 3492 φλογὶ
1423 3412 1669 3483 εἴκελος
1716 3406 2100 3491 ἡγεμονεύει
2216 3480 2221 3486 ,

279 3510 563 3599 Ἕκτωρ,
611 3511 685 3589 ὃς
729 3514 896 3590 Διὸς
942 3511 1148 3597 εὔχετ’
1203 3511 1586 3599 ἐρισθενέος
1628 3511 1780 3589 πάις
1825 3506 2011 3577 εἶναι.
