2525 3884
941 175 1244 226 ωΑΔοΣ
1281 176 1426 228 m.
2058 177 2189 242 175

164 317 417 392 πόντος
462 315 621 394 ἁλὸς
662 321 926 401 πολιῆς,
974 316 1009 382 ὃ
1055 313 1298 394 πολέας
1333 315 1648 397 ἀέκοντας
1685 318 1922 405 ἐρύκει.

166 420 319 487 ἀλλ’
360 424 481 506 ἄγε
529 423 610 506 δὴ
654 420 765 488 καὶ
811 423 1053 507 δουρὸς
1098 421 1351 507 ἀκωκῆς
1393 421 1735 511 ἡμετέροιο
2118 444 2189 494 60

163 528 509 611 γεύσεται,
554 529 732 614 ὄφρα
777 528 1019 612 ἴδωμαι
1063 526 1166 594 ἐνὶ
1212 526 1455 614 φρεσὶν
1497 525 1618 612 ἠδὲ
1664 530 1896 615 δαείω,

163 633 208 717 ἢ
258 631 365 721 ἄρ’
412 634 590 718 ὁμῶς
630 631 743 699 καὶ
786 640 1016 700 κεῖθεν
1060 632 1425 718 ἐλεύσεται,
1468 629 1513 719 ἦ
1559 659 1676 719 μιν
1719 635 1935 722 ἐρύξει

161 748 256 824 γῆ
304 742 650 825 φυσίζοος,
695 740 740 823 ἥ
781 762 853 805 τε
896 740 1061 805 κατὰ
1094 742 1417 826 κρατερόν
1461 762 1584 827 περ
1631 740 1916 827 έρύκει.“

260 842 351 923 ὥς
399 847 688 932 ὥρμαινε
731 843 984 932 μένων,
1032 845 1068 911 6
1116 844 1197 912 δέ
1236 847 1309 912 oc
1356 849 1598 932 σχεδὸν
1639 843 1812 932 ἦλθε
1855 849 2189 933 τεθηπώς,

164 955 446 1036 γούνων
492 952 796 1030 ἅψασθαι
839 953 1130 1036 μεμαώς,
1176 950 1330 1038 περὶ
1368 952 1429 1018 δ’
1470 956 1673 1038 ἤθελε
1717 961 1915 1043 θυμῷ
2122 970 2190 1021 65

166 1056 526 1145 ἐκφυγέειν
570 1058 870 1124 θάνατόν
913 1080 985 1123 τε
1027 1059 1232 1124 κακὸν
1279 1056 1390 1124 καὶ
1433 1068 1602 1146 κῆρα
1648 1059 1987 1145 μέλαιναν.

163 1161 208 1250 ἦ
257 1189 369 1232 τοι
412 1164 451 1230 6
496 1161 616 1248 μὲν
661 1164 829 1250 δόρυ
873 1165 1131 1250 μακρὸν
1174 1163 1484 1249 ἀνέσχετο
1533 1167 1677 1243 δῖος
1714 1164 2047 1251 Ἀχιλλεὺς

167 1272 538 1356 οὐτάμεναι
579 1269 869 1355 μεμαώς,
915 1268 953 1336 6
1000 1267 1062 1335 δ’
1104 1269 1440 1356 ὑπέδραμε
1483 1268 1596 1336 καὶ
1640 1271 1800 1355 λάβε
1833 1274 2104 1357 γούνων

165 1379 419 1457 κύψας·
465 1375 680 1462 ἐγχείη
728 1370 789 1442 δ’
831 1372 936 1462 ἄρ’
979 1373 1147 1462 ὑπὲρ
1182 1377 1403 1442 νώτου
1449 1375 1552 1442 ἑνὶ
1594 1380 1751 1464 γαίῃ

165 1486 365 1567 ἔστη,
411 1479 634 1567 ίεμένη
678 1483 876 1567 χροὸς
919 1484 1154 1567 ἄμεναι
1201 1481 1617 1568 ἀνδρομέοιο.
2125 1499 2195 1549 ’10

169 1590 389 1673 αὐτὰρ
436 1587 475 1653 6
516 1596 596 1674 τῇ
642 1586 828 1674 ἑτέρῃ
874 1584 995 1673 μὲν
1041 1586 1211 1654 ἑλὼν
1255 1588 1590 1655 ἐλλίσσετο
1636 1590 1936 1674 γούνων,

165 1704 250 1782 τῇ
301 1689 368 1761 δ’
412 1692 595 1781 ἑτέρῃ
642 1697 789 1779 ἔχεν
833 1696 1023 1779 ἔγχος
1067 1693 1437 1780 ἀκαχμένον
1484 1693 1645 1762 οὐδὲ
1688 1699 1937 1780 μεθίει·

174 1804 327 1885 [καί
368 1825 486 1887 μιν
531 1803 845 1886 φωνήσας
889 1803 1044 1866 ἔπεα
1088 1803 1447 1886 πτερόεντα
1490 1803 1896 1889 προσηύδα·]

171 1910 604 1993 ,,γουνοῦμαί
633 1904 724 1990 σ’,
765 1900 1047 1990 Ἀχιλεῦ,
1087 1909 1171 1973 σὺ
1201 1905 1282 1974 δέ
1320 1902 1389 1994 μ’
1423 1910 1607 1975 αἴδεο
1634 1911 1752 1974 καί
1790 1905 1857 1993 μ’
1892 1905 2196 1991 ἐλέησον·

173 2015 337 2081 ἀντί
374 2015 486 2078 τοί
523 2007 650 2098 εἰμ’
694 2009 942 2095 ἱκέταο,
989 2011 1362 2099 διοτρεφές,
1407 2015 1722 2080 αἰδοίοιο·
2125 2027 2195 2077 ’16

172 2123 315 2207 πὰρ
360 2120 488 2205 γὰρ
533 2115 644 2184 σοὶ
686 2118 923 2206 πρώτω
968 2119 1278 2204 πασάμην
1323 2123 1713 2205 Δημήτερος
1758 2117 1961 2202 ἀκτὴν

172 2229 382 2311 ἤματι
423 2232 546 2312 τῷ,
594 2225 701 2290 ὅτε
746 2218 814 2310 μ’
856 2217 1022 2302 εἷλες
1066 2224 1412 2312 ἐυκτιμένῃ
1458 2226 1532 2292 ἐν
1578 2225 1789 2310 ἀλωῇ,

174 2334 297 2398 καί
336 2324 407 2416 μ’
448 2328 810 2417 ἐπέρασσας
854 2332 1142 2397 ἄνευθεν
1187 2331 1371 2415 ἄγων
1414 2333 1662 2418 πατρός
1704 2353 1775 2396 τε
1820 2331 2038 2415 φίλων
2081 2352 2152 2394 τε

180 2443 463 2521 Λῆμνον
506 2434 575 2513 ές
617 2433 948 2520 ἠγαθέην,
986 2434 1419 2522 ἑκατόμβοιον
1464 2435 1545 2503 δέ
1581 2459 1687 2502 τοι
1728 2432 1965 2522 ἦλφον.

180 2552 309 2610 νῦν
357 2539 432 2607 δὲ
476 2542 694 2627 λύμην
737 2540 880 2629 τρὶς
922 2544 1126 2608 τόσσα
1161 2543 1417 2628 πορών·
1460 2543 1594 2627 ἠὼς
1631 2541 1712 2609 δέ
1748 2547 1870 2629 μοί
1908 2543 2088 2609 ἐστιν
2124 2558 2196 2608 80

181 2651 300 2734 ἥδε
349 2648 758 2734 δυωδεκάτη,
804 2645 900 2714 ὅτ’
943 2649 1011 2726 ἐς
1035 2647 1247 2715 Ἴλιον
1294 2650 1658 2733 εἰλήλουθα

182 2755 397 2821 πολλὰ
439 2755 705 2820 παθών·
750 2763 882 2820 νῦν
927 2750 1013 2820 αὖ
1055 2778 1136 2839 με
1179 2763 1330 2840 τεῇς
1365 2754 1439 2821 ἐν
1482 2753 1712 2841 χερσὶν
1758 2757 2001 2838 ἔθηκεν

184 2858 362 2947 μοῖρ’
405 2859 594 2943 ὀλοή·
640 2858 854 2943 μέλλω
899 2879 1031 2924 που
1077 2858 1491 2943 ἀπέχθεσθαι
1535 2858 1658 2925 Διὶ
1702 2861 1928 2945 πατρί,

186 2967 258 3045 ὅς
301 2989 382 3051 με
428 2962 537 3031 σοὶ
580 2959 766 3042 αὖτις
810 2967 1042 3031 ἔδωκε·
1087 2965 1541 3049 μινυνθάδιον
1579 2963 1661 3030 δέ
1702 2988 1782 3049 με
1827 2966 2037 3049 μήτηρ

183 3075 449 3157 γείνατο
494 3073 808 3155 Λαοθόη,
853 3069 1156 3155 θυγάτηρ
1202 3068 1446 3136 ’Ἀλταο
1491 3069 1833 3156 γέροντος,
2127 3086 2196 3137 86

182 3177 463 3261 Ἄλτεω,
510 3176 585 3255 ὃς
627 3174 986 3260 Λελέγεσσι
1031 3175 1617 3262 φιλοπτολέμοισιν
1663 3176 1965 3260 ἀνάσσει,

185 3286 509 3369 Πήδασον
555 3284 919 3367 αἰπήεσσαν
966 3284 1135 3367 ἔχων
1178 3280 1287 3349 ἐπὶ
1330 3284 1739 3349 Σατνιόεντι.

193 3399 305 3460 τοῦ
350 3385 412 3457 δ’
454 3393 560 3476 ἔχε
609 3387 950 3476 θυγατέρα
1005 3391 1339 3476 Πρίαμος,
1392 3390 1639 3468 πολλὰς
1695 3385 1770 3454 δὲ
1813 3386 1925 3453 καὶ
1970 3387 2195 3461 ἄλλας

186 3507 299 3585 τῆς
344 3493 419 3564 δὲ
466 3497 604 3563 δύω
648 3497 1056 3579 γενόμεσθα,
1103 3496 1192 3559 σὺ
1237 3490 1299 3559 δ’
1345 3494 1542 3578 ἄμφω
1590 3492 2095 3579 δειροτομήσεις.
