2525 3884
1048 219 1351 271 IAIAAoz:
1388 221 1570 273 xxn.
2186 213 2309 281 19⁷

292 365 592 445 [κτῆσιν,
641 362 809 446 ὅσην
854 364 1257 448 πτολίεθρον
1304 361 1632 447 ἐπήρατον
1678 361 1863 439 ἐντὸς
1907 360 2169 450 ἐέργειΊ

285 468 465 547 ἀλλὰ
509 471 580 533 τί
607 463 652 551 ἧ
698 490 814 553 μοι
855 475 1062 532 ταῦτα
1109 470 1306 550 φίλος
1350 465 1680 546 διελέξατο
1724 469 1972 552 θυμός;

291 575 389 659 μή
436 596 553 658 μιν
597 572 725 655 ἐγὼ
771 569 894 657 μὲν
938 571 1180 657 ἵκωμαι
1225 573 1378 655 ἰών,
1424 572 1461 639 ὁ
1510 570 1589 639 δέ
1627 569 1693 657 μ’
1740 572 1864 638 οὐκ
1907 573 2157 655 ἐλεήσει

290 678 468 747 οὐδέ
503 681 576 744 τί
615 673 684 762 μ’
726 677 1085 761 αἰδέσεται,
1130 677 1378 745 κτενέει
1423 676 1505 745 δέ
1543 702 1622 763 με
1665 680 1926 763 γυμνὸν
1971 678 2163 745 ἐόντα

290 787 516 862 αὔτως
552 785 642 861 ὥς
683 778 754 850 τε
789 795 1102 868 γυναῖκα,
1150 783 1297 850 ἐπεί
1334 778 1396 849 κ’
1438 783 1564 850 ἀπὸ
1609 784 1842 869 τεύχεα
1888 784 2043 850 δύω.
2209 800 2311 850 126

291 891 384 957 οὐ
430 889 551 976 μέν
595 911 733 968 πως
777 898 907 955 νῦν
952 893 1134 955 ἔστιν
1180 890 1308 955 ἀπὸ
1354 891 1557 977 δρυὸς
1601 887 1749 957 οὐδ’
1793 889 1920 956 ἀπὸ
1965 888 2205 976 πέτρης

285 1003 390 1084 τῷ
438 979 874 1082 ὀαριζέμεναι,
921 996 964 1061 ἅ
1006 1018 1078 1061 τε
1121 995 1457 1083 παρθένος
1499 986 1749 1080 ἠίθεός’
1772 1018 1875 1080 τε,

293 1100 640 1189 παρθένος
682 1101 914 1186 ἠύθεός
956 1097 1015 1167 τ’
1058 1101 1396 1189 ὀαρίζετον
1440 1103 1801 1187 ἀλλήλοιιν.

298 1207 618 1294 βέλτερον
666 1203 809 1274 αὖτ’
853 1211 1025 1295 ἔριδι
1072 1207 1551 1294 ξυνελαυνέμεν
1598 1209 1735 1275 ὅττι
1779 1209 2075 1295 τάχιστα·

300 1315 603 1400 εἴδομεν,
649 1311 989 1403 ὁπποτέρῳ
1035 1339 1152 1381 κεν
1188 1313 1537 1401 Ὀλύμπιος
1581 1308 1773 1400 εὖχος
1817 1314 2070 1401 ὀρέξῃ.“
2214 1332 2314 1383 180

396 1415 485 1497 ὥς
520 1421 806 1506 ὥρμαινε
852 1420 1102 1506 μένων,
1141 1420 1178 1488 ὁ
1216 1418 1299 1487 δέ
1339 1421 1411 1486 οἰ
1449 1420 1689 1506 ’σχεδὸν
1731 1416 1945 1505 ἦλθεν
1981 1419 2316 1506 Ἀχιλλεὺς

305 1522 451 1603 ἶσος
496 1526 776 1615 ἐνυαλίφ
789 1573 810 1610 ,
855 1526 1212 1613 κορυθάικι
1255 1532 1680 1612 πτολεμιστῇ,

297 1636 502 1699 σείων
549 1633 857 1716 Πηλιάδα
905 1634 1138 1719 μελίην
1182 1635 1346 1698 κατὰ
1392 1631 1609 1712 δεξιὸν
1656 1629 1839 1719 ὦμον

302 1740 532 1822 δεινήν
543 1759 562 1788 ·-
605 1737 776 1824 ἀμφὶ
821 1734 896 1804 δὲ
939 1739 1177 1824 χαλκὸς
1222 1739 1539 1825 ἐλάμπετο
1586 1746 1833 1818 εἴκελος
1878 1739 2049 1827 αὐγῇ

299 1845 341 1931 ἢ
387 1847 596 1930 πυρὸς
642 1844 1012 1930 αἰθομένου
1055 1844 1097 1930 ἢ
1142 1845 1371 1928 ἠελίου
1416 1846 1738 1924 ἀνιόντος.
2207 1863 2309 1913 135

162 2036 169 2046 ι
292 1949 576 2034 Ἕκτορα
623 1946 712 2035 δ’,
757 1953 846 2029 ὡς
891 1950 1198 2036 ἐνόησεν,
1243 1951 1350 2019 ἕλε
1390 1947 1680 2039 τρόμος·’
1707 1948 1853 2018 οὐδ’
1889 1950 1995 2037 ἄρ’
2031 1949 2120 2018 ἔτ’
2157 1954 2311 2035 ἔτλη

302 2052 467 2123 αὖθι
512 2054 767 2142 μένειν,
813 2057 1021 2123 ὀπίσω
1068 2054 1143 2123 δὲ
1186 2060 1398 2135 πύλας
1442 2061 1619 2141 λίπε,
1666 2061 1750 2142 βῆ
1799 2054 1874 2125 δὲ
1919 2060 2264 2143 φοβηθείς.

302 2164 636 2248 Πηλεΐδης
682 2159 742 2230 δ’
786 2164 1108 2249 ἐπόρουσε
1152 2162 1310 2230 ποσὶ
1352 2173 1734 2250 κραιπνοῖσι
1781 2162 2136 2241 πεποιθώς.

300 2268 459 2351 ἠύτε
502 2271 727 2357 κίρκος
772 2270 1082 2359 ὄρεσφιν,
1141 2270 1585 2355 ἐλαφρότατος
1628 2280 1992 2354 πετεηνῶν,

303 2373 577 2458 ῥηιδίως
622 2380 854 2459 οἴμησε
902 2366 1062 2461 μετὰ
1105 2379 1413 2462 τρήρωνα
1457 2376 1750 2442 πέλειαν·
2210 2391 2312 2441 140

300 2479 343 2562 ἡ
391 2478 470 2546 δέ
509 2478 581 2546 θ’
626 2479 884 2546 ὕπαιθα
940 2485 1274 2566 φοβεῖται,
1321 2481 1358 2549 ὁ
1406 2475 1468 2548 δ’
1509 2481 1797 2565 ἐγγύθεν
1851 2480 1969 2563 ὀξὺ
2025 2482 2313 2565 λεληκὼς

302 2584 540 2672 ταρφέ’
592 2585 918 2671 ἐπαΐσσει,
966 2585 1173 2654 ἑλέειν
1216 2588 1291 2654 τέ
1332 2586 1367 2654 ἕ
1405 2589 1625 2673 θυμὸς
1669 2586 1937 2671 ἀνώγει·

304 2686 394 2768 ὥς
438 2687 543 2778 ἄρ’
579 2692 616 2758 ὅ
651 2688 718 2777 γ’
760 2693 1101 2778 ἐμμεμαὼς
1147 2695 1303 2771 ίθὺς
1345 2692 1602 2776 πέτετο,
1647 2692 1838 2780 τρέσε
1885 2689 1946 2758 δ’
1995 2691 2247 2778 Ἕκτωρ

301 2800 514 2883 τεῖχος
557 2798 689 2866 ὕπο
741 2800 1020 2884 Τρώων,
1068 2801 1360 2885 λαιψηρὰ
1405 2796 1479 2866 δὲ
1522 2794 1791 2884 γούνατ’
1835 2798 2071 2883 ἐνώμα.

306 2903 377 2969 οἰ
418 2900 491 2970 δὲ
525 2906 704 2990 παρὰ
748 2905 1032 2989 σκοπιὴν
1075 2902 1185 2970 καὶ
1230 2905 1488 2990 ἐρινεὸν
1528 2906 1890 2992 ἠνεμόεντα
2211 2919 2312 2970 145

304 3006 549 3095 τείχεος
594 3007 739 3076 αἰὲν
784 3007 950 3076 ὑπὲκ
991 3004 1135 3075 κατ’
1176 3009 1489 3093 ἀμαξιτὸν
1535 3011 1918 3093 ἐσσεύοντο,

303 3116 568 3200 κρουνὼ
616 3114 678 3182 δ’
722 3116 957 3181 ἵκανον
1002 3117 1402 3201 καλλιρρόω,
1449 3118 1619 3182 ἔνθα
1661 3137 1732 3182 τε
1775 3113 1978 3200 πηγαὶ

305 3220 485 3287 δοιαὶ
530 3221 926 3288 ἀναΐσσουσι
970 3221 1420 3309 Σκαμάνδρου
1466 3221 1832 3306 δινήεντος·

302 3325 346 3408 ἡ
393 3323 515 3412 μὲν
558 3327 685 3415 γάρ
730 3323 803 3395 θ’
846 3329 1040 3395 ὕδατι
1085 3332 1292 3415 λιαρῷ
1340 3326 1501 3411 ῥέει,
1547 3325 1715 3413 ἀμφὶ
1763 3324 1837 3392 δὲ
1880 3327 2127 3402 καπνὸς

303 3435 601 3517 γίγνεται
647 3432 714 3511 ἐξ
750 3433 951 3517 αὐτῆς
995 3433 1085 3510 ὡς
1120 3434 1182 3498 εἰ
1221 3433 1430 3518 πυρὸς
1475 3431 1891 3515 αὐθομένοιο·
2212 3446 2314 3494 150

303 3539 347 3620 ἡ
387 3535 449 3603 δ’
495 3536 679 3625 ἑτέρη
727 3536 921 3623 θέρει·
960 3536 1227 3625 προρέει
1275 3539 1485 3604 ἐικυῖα
1529 3536 1770 3621 χαλάζῃ
