2525 3884
324 161 408 228 70
1106 163 1407 216 ΙΛΙΑΔΟΣ
1443 118 1514 216 Π.

319 308 541 389 ,,τίπτε
587 307 1014 392 δεδάκρυσαι,
1063 308 1496 391 Πατρόκλεις,
1540 306 1698 389 ἠύτε
1742 307 1952 391 κούρη

318 414 548 495 νηπίη,
592 413 635 494 ἥ
680 408 752 476 θ’
794 413 927 496 ἅμα
970 410 1167 496 μητρὶ
1208 407 1442 478 θέουσ’
1485 411 1842 478 ἀνελέσθαι
1886 412 2160 495 ἀνώγει,

319 518 545 583 εἱανοῦ
589 516 953 603 ἁπτομένη,
996 521 1114 584 καί
1149 512 1206 582 τ’
1249 516 1620 601 ἐσσυμένην
1666 520 2036 604 κατερύκει,

321 625 734 709 δακρυόεσσα
781 623 860 690 δέ
899 648 1015 709 μιν
1059 623 1538 709 ποτιδέρκεται,
1584 619 1741 709 ὄφρ’
1784 623 2120 708 ἀνέληται·
2259 638 2320 688 10

318 738 397 814 τῇ
444 734 687 812 ἴκελος,
735 730 1107 813 Πάτροκλε,
1152 727 1340 814 τέρεν
1384 731 1548 795 κατὰ
1594 730 1887 815 δάκρυον
1931 732 2146 813 εἴβεις.

317 831 399 919 ἦέ
436 858 500 900 τι
542 838 1050 922 Μυρμιδόνεσσι
1094 838 1525 921 πιφαύσκεαι;
1571 831 1613 919 ἦ
1660 833 1807 920 ἐμοὶ
1851 836 2058 924 αὐτοῦς

318 937 399 1025 ἦέ
437 937 564 1007 τιν’
607 942 919 1025 ἀγγελίην
969 945 1188 1024 Φθίης
1231 940 1300 1020 ἒξ
1346 945 1569 1019 ἔκλυες
1616 936 1783 1021 οἶος;

322 1048 506 1126 ζώειν
551 1049 682 1133 μάν
727 1050 824 1112 ἔτι
866 1045 1033 1132 φασὶ
1075 1051 1446 1114 Μενοίτιον
1472 1046 1790 1132 ’Ἄκτορος
1831 1048 2014 1130 υἱόν,

321 1154 465 1231 ζώει
510 1148 573 1218 δ’
613 1154 934 1237 Αἰακίδης
977 1156 1241 1236 Πηλεὺς
1286 1153 1446 1238 μετὰ
1489 1154 2072 1238 Μυρμιδόνεσσιν,
2254 1165 2320 1215 1⁶

314 1269 451 1324 τῶν
493 1283 566 1325 κε
612 1256 760 1344 μάλ’
805 1258 1195 1345 ἀμφοτέρων
1241 1260 1651 1344 ἀκαχοίμεθα
1694 1259 2111 1342 τεθνηώτων.

317 1359 394 1447 ἦε
438 1367 523 1429 σύ
567 1362 629 1449 γ’
666 1360 977 1450 Ἀργείων
1022 1365 1415 1451 ὀλοφύρεαι,
1461 1365 1552 1442 ὡς
1597 1363 1939 1431 ὀλέκονται

317 1469 559 1555 νηυσὶν
604 1474 709 1537 ἔπι
753 1476 1174 1556 γλαφυρῇσιν
1217 1472 1624 1557 ὑπερβασίης
1669 1469 1858 1537 ἕνεκα
1904 1478 2109 1555 σφῆς;

319 1575 588 1660 ἐξαύδα,
633 1578 721 1661 μὴ
766 1583 968 1642 κεῦθε
1013 1579 1179 1664 νόφ,
1226 1577 1339 1641 ἵνα
1384 1576 1650 1660 εἴδομεν
1696 1577 1960 1661 ἄμφω.“

404 1684 522 1748 τὸν
561 1678 635 1747 δὲ
671 1685 843 1766 βαρὺ
880 1683 1211 1766 στενάχων
1247 1680 1617 1767 προσέφης,
1656 1685 2059 1764 Πατρόκλεις
2097 1681 2317 1746 ἱππεῦ·

319 1783 418 1871 ,,ὦ
459 1784 712 1872 Ἀχιλεῦ
757 1792 1027 1871 Πηλῆος
1070 1785 1207 1870 υἱέ,
1253 1787 1419 1872 μέγα
1464 1786 1730 1874 φέρτατ’
1767 1785 2075 1872 Ἀχαιῶν,
2254 1803 2317 1852 21

318 1895 406 1979 μὴ
452 1893 722 1978 νεμέσα·
767 1903 954 1959 τοῖον
998 1893 1126 1978 γὰρ
1173 1894 1330 1978 ἄχος
1375 1896 1681 1977 βεβίηκεν
1721 1888 2037 1979 Ἀχαιούς.

319 2001 391 2065 οἱ
428 1997 550 2084 μὲν
595 1993 722 2086 γὰρ
771 2000 854 2084 δὴ
899 2000 1166 2082 πάντες,
1213 2000 1364 2064 ὅσοι
1406 2000 1615 2085 πάρος
1656 1995 1829 2083 ἦσαν
1873 2001 2164 2083 ἄριστοι,

200 2176 205 2181 ,
319 2105 392 2170 έν
436 2103 680 2189 νηυσὶν
723 2104 947 2176 κέαται
993 2103 1391 2189 βεβλημένοι
1444 2104 1801 2189 οὐτάμενοί
1838 2128 1925 2171 τε.

319 2209 628 2295 βέβληται
673 2207 796 2293 μὲν
833 2210 868 2276 ὁ
914 2211 1236 2293 Τυδεΐδης
1280 2211 1593 2296 κρατερὸς
1631 2210 2006 2294 Διομήδης,
2252 2223 2319 2273 25

320 2316 631 2381 οὔτασται
678 2312 738 2381 δ’
774 2314 1082 2393 Ὀδυσεὺς
1129 2316 1560 2401 δουρικλυτὸς
1601 2312 1709 2397 ἠδ’
1755 2312 2207 2398 Ἀγαμέμνων,

318 2420 629 2505 βέβληται
673 2417 748 2486 δὲ
790 2412 900 2484 καὶ
943 2420 1343 2505 Εὐρύπυλος
1386 2420 1551 2485 κατὰ
1594 2420 1811 2504 μηρὸν
1855 2417 2071 2507 ὀιστῷ.

231 2532 235 2537 ’
316 2528 473 2603 τοὺς
517 2526 639 2610 μέν
683 2519 740 2588 τ’
786 2521 998 2609 ἰητροὶ
1042 2524 1551 2610 πολυφάρμακοι
1596 2523 2108 2608 ἀμφιπένονται,

318 2628 484 2697 ἕλκε’
527 2631 922 2714 ἀκειόμενοι·
969 2632 1054 2693 σὺ
1100 2624 1163 2695 δ’
1203 2629 1538 2714 ἀμήχανος
1582 2632 1809 2713 ἔπλευ,
1851 2624 2159 2715 Ἀχιλλεῦ.

318 2739 406 2821 μὴ
444 2735 560 2822 ἐμέ
598 2730 662 2820 γ’
699 2729 823 2800 οὖν
860 2729 1053 2810 οὗτός
1086 2757 1162 2817 γε
1197 2735 1393 2819 λάβοι
1427 2738 1652 2820 χόλος,
1691 2735 1771 2800 ὃν
1807 2738 1892 2801 σὺ
1930 2735 2317 2820 φυλάσσεις,

325 2842 663 2929 αἰναρέτη·
707 2842 780 2905 τί
818 2856 935 2905 σευ
982 2839 1179 2916 ἄλλος
1222 2839 1528 2923 ὀνήσεται
1573 2840 1889 2924 ὀψίγονός
1929 2862 2084 2928 περ,
2250 2858 2314 2908 31

320 2955 398 3014 αἴ
434 2973 507 3014 κε
553 2948 640 3033 μὴ
682 2944 1077 3031 Ἀργείοισιν
1121 2944 1341 3011 ἀεικέα
1384 2947 1616 3029 λοιγὸν
1660 2946 1956 3033 ἀμύνῃςς·

318 3054 575 3139 νηλεές,
622 3052 743 3119 οὐκ
786 3054 913 3139 ἄρα
957 3054 1074 3117 σοί
1108 3075 1185 3136 γε
1229 3053 1443 3137 πατὴρ
1488 3048 1574 3136 ἦν
1618 3052 1857 3119 ἱππότα
1899 3053 2169 3135 Πηλεὺς

320 3155 480 3227 οὐδὲ
523 3159 713 3236 Θέτις
755 3161 991 3243 μήτηρ·
1035 3158 1291 3242 γλαυκὴ
1339 3157 1417 3224 δέ
1457 3174 1532 3223 σε
1574 3160 1749 3224 τίκτε
1792 3158 2101 3224 θάλασσα

318 3266 549 3351 πέτραι
592 3261 651 3329 τ’
692 3264 1023 3348 ἠλίβατοι,
1069 3265 1171 3330 ὅτι
1211 3287 1318 3329 τοι
1361 3267 1518 3342 νόος
1562 3262 1743 3331 ἐστὶν
1788 3265 2056 3349 ἀπηνής.
2251 3276 2314 3330 85

320 3375 384 3439 εἰ
426 3371 506 3438 δέ
542 3395 693 3438 τινα
738 3368 935 3457 φρεσὶ
981 3379 1134 3456 σῇσι
1176 3374 1595 3457 θεοπροπίην
1639 3370 1951 3448 ἀλεείνεις

319 3482 435 3545 καί
472 3479 620 3544 τινά
662 3501 767 3544 τοι
809 3479 942 3560 πὰρ
993 3476 1206 3562 Ζηνὸς
1252 3476 1581 3562 ἐπέφραδε
1623 3479 1858 3542 πότνια
1903 3479 2146 3562 μήτηρ,

2475 3094 2485 3455 4
