2525 3884
999 211 1301 264 ΙΛΙΑΔΟΣ
1338 213 1482 265 xm.
2110 202 2238 271 155

229 352 477 418 πόντον
521 346 626 419 ἐπ’
669 354 1027 438 ἰχθυόεντα
1073 356 1293 438 φίλων
1337 353 1674 420 ἀπάνευθε
1719 350 2071 438 φέρουσιν·

228 451 328 534 ὥς
364 452 473 523 ἀπ’
514 454 855 544 Ἀχιλλῆος
898 460 1131 537 σάκεος
1174 458 1369 538 σέλας
1413 454 1629 545 αἰθέρ’
1669 460 1896 525 ’ἵκανεν

232 566 447 628 καλοῦ
491 562 869 630 δαιδαλέου.
954 562 1108 651 περὶ
1152 560 1228 630 δὲ
1271 565 1680 650 τρυφάλειαν
1722 563 1944 649 ἀείρας
2139 577 2243 628 ⁸80

230 667 424 753 κρατὶ
467 667 633 736 θέτο
680 673 992 757 βριαρήν·
1034 670 1079 754 ἡ
1127 668 1189 736 δ’
1234 670 1441 757 ἀστὴρ
1488 669 1577 748 ὣς
1621 667 1998 754 ἀπέλαμπεν

228 775 544 861 ἵππουρις
586 776 981 861 τρυφάλεια,
1025 779 1483 863 περισσείοντο
1529 769 1593 841 δ’
1636 779 1893 862 ἔθειραι

229 882 537 967 χρύσεαι,
583 880 663 959 ἃς
689 880 1058 968 ”Ηφαιστος
1101 883 1190 948 ἵει
1234 884 1451 967 λόφον
1498 878 1668 966 ἀμφὶ
1709 881 2009 966 θαμειάς.

228 989 522 1074 πειρήθη
570 984 632 1053 δ’
675 986 746 1054 ἕο
792 988 1002 1056 αὐτοῦ
1046 988 1121 1055 έν
1165 991 1382 1054 ἔντεσι
1427 989 1571 1065 δῖος
1608 983 1966 1074 Ἀχιλλεύς,

229 1095 303 1160 εἰ
345 1084 414 1159 οἷ
453 1093 891 1178 ἐφαρμόσσειε
933 1092 1047 1162 καὶ
1090 1093 1388 1180 ἐντρέχοι
1432 1094 1643 1178 ἀγλαὰ
1685 1107 1869 1180 γυῖα·
2144 1108 2248 1160 385

229 1207 329 1288 τῷ
374 1197 436 1266 δ’
481 1193 629 1265 εὐτε
670 1200 875 1286 πτερὰ
918 1197 1194 1284 γύγνετᾏ
1241 1203 1419 1288 ἄειρε
1466 1197 1542 1266 δὲ
1584 1201 1864 1285 ποιμένα
1908 1205 2105 1267 λαῶν.

88 1378 97 1383 ,
232 1306 311 1373 έκ
355 1301 420 1372 δ’
461 1307 591 1391 ἄρα
636 1306 951 1392 σύριγγος
993 1307 1335 1392 πατρώιον
1381 1302 1689 1372 ἐσπάσατ’
1732 1308 1922 1391 ἔγχος

233 1414 448 1496 βριθὺ
485 1409 650 1497 μέγα
695 1414 1039 1500 στιβαρόν·
1083 1414 1159 1479 τὸ
1197 1410 1322 1498 μὲν
1359 1412 1442 1477 οὐ
1478 1405 1710 1478 δύνατ’
1740 1413 1939 1490 ἄλλος
1975 1407 2251 1498 Ἀχαιῶν

232 1520 544 1601 πάλλειν,
590 1517 755 1583 ἀλλά
799 1543 916 1602 μιν
961 1513 1102 1597 οἶος
1144 1518 1451 1585 ἐπίστατο
1496 1523 1698 1603 πῆλαι
1734 1514 2095 1604 Ἀχιλλεύς,

236 1624 551 1709 Πηλιάδα
595 1627 860 1709 μελίην,
903 1626 1028 1708 τὴν
1071 1622 1269 1711 πατρὶ
1314 1627 1489 1713 φίλῳ
1534 1628 1700 1711 πόρε
1744 1629 2006 1712 Χείρων
2149 1641 2253 1691 ³90

238 1734 507 1816 Πηλίου
551 1730 624 1796 ἐκ
665 1739 996 1816 κορυφῆς,
1042 1734 1263 1817 φόνον
1306 1734 1579 1817 ἔμμεναι
1623 1731 1969 1818 ἡρώεσσιν.

237 1839 486 1915 ἵππους
529 1835 591 1902 δ’
634 1836 1043 1922 Αὐτομέδων
1086 1860 1157 1903 τε
1200 1835 1311 1902 καὶ
1337 1836 1650 1922 Ἄλκιμος
1694 1837 2132 1923 ἀμφιέποντες

241 1944 591 2026 ζεύγνυον·
637 1941 805 2027 ἀμφὶ
852 1940 927 2008 δὲ
969 1944 1135 2009 καλὰ
1172 1941 1443 2009 λέπαδν’
1486 1943 1677 2027 ἕσαν,
1722 1942 1797 2009 ἐν
1835 1940 1909 2008 δὲ
1944 1943 2255 2027 χαλινοὺς

240 2054 596 2136 γαμφηλῇς
640 2050 912 2132 ἔβαλον,
957 2050 1121 2115 κατὰ
1165 2046 1227 2114 δ’
1272 2049 1428 2134 ἡνία
1471 2060 1698 2115 τεῖναν
1743 2048 1995 2113 ὀπίσσω

241 2155 570 2239 κολλητὸν
612 2151 762 2220 ποτὶ
811 2156 1075 2239 δίφρον.
1169 2154 1206 2221 ὁ
1252 2153 1328 2220 δὲ
1374 2154 1654 2239 μάστιγα
1700 2154 1985 2238 φαεινὴν
2154 2171 2256 2220 395

242 2258 418 2347 χειρὶ
463 2261 687 2344 λαβὼν
730 2260 1059 2347 ἀραρυῖαν
1104 2257 1209 2345 ἐφ’
1254 2261 1513 2326 ἵπποιιν
1557 2259 1927 2346 ἀνόρουσεν

244 2365 683 2451 Αὐτομέδων·
729 2367 972 2432 ὄπιθεν
1019 2362 1093 2431 δὲ
1137 2365 1633 2450 κορυσσάμενος
1676 2368 1761 2450 βῆ
1801 2362 2131 2451 Ἀχιλλεὺς

244 2474 508 2558 τεύχεσι
551 2473 954 2557 παμφαίνων
1000 2473 1089 2549 ὥς
1132 2466 1191 2537 τ’
1234 2471 1524 2559 ἠλέκτωρ
1561 2468 1893 2558 Ὑπερίων.

248 2577 661 2666 σμερδαλέον
705 2577 767 2645 δ’
803 2578 1103 2644 ἵπποισιν
1150 2577 1443 2645 ἐκέκλετο
1488 2579 1734 2666 πατρὸς
1778 2577 1943 2644 ἑοῖο·

249 2685 526 2771 ,,Ξάνθε
568 2707 640 2750 τε
681 2683 794 2750 καὶ
828 2686 1059 2768 Βαλίε,
1105 2686 1465 2769 τηλεκλυτὰ
1500 2684 1696 2751 τέκνα
1732 2684 2117 2771 Ποδάργης,
2158 2700 2262 2750 400

250 2786 468 2869 ἄλλως
512 2791 595 2875 δὴ
640 2792 973 2877 φράζεσθε
1018 2790 1358 2876 σαωσέμεν
1400 2790 1681 2876 ἡνιοχῆα

252 2898 347 2977 ἂψ
393 2903 688 2963 Δαναῶν
732 2897 799 2975 ἐς
844 2899 1108 2983 ὅμιλον,
1155 2898 1303 2965 ἐπεί
1339 2895 1399 2983 χ’
1444 2897 1654 2981 ἐῶμεν
1695 2896 2042 2980 πολέμοιο,

253 3001 409 3089 μηδ’
453 3004 542 3081 ὡς
587 3005 980 3090 Πάτροκλον
1027 3001 1230 3069 λίπετ’
1266 3004 1511 3070 αὐτόθι
1555 3003 1966 3086 τεθνηῶτα.“

341 3111 463 3175 τὸν
508 3104 571 3175 δ’
616 3109 720 3197 ἄρ’
764 3110 894 3176 ὑπὸ
944 3112 1180 3194 ζυγόφι
1224 3108 1526 3194 προσέφη
1568 3110 1777 3186 πόδας
1813 3110 2038 3186 αἰόλος
2072 3109 2268 3186 ἵππος

255 3215 557 3299 Ξάνθος,
603 3217 785 3302 ἄφαρ
833 3211 895 3281 δ’
935 3217 1147 3299 ἤμυσε
1191 3217 1497 3299 καρήατι,
1543 3223 1720 3280 πᾶσα
1765 3212 1840 3280 δὲ
1882 3215 2072 3298 χαίτη
2162 3228 2267 3279 405

261 3323 530 3404 ζεύγλης
574 3320 962 3406 ἐξεριποῦσα
1006 3321 1184 3406 παρὰ
1230 3322 1428 3403 ζυγὸν
1476 3314 1679 3397 οὖδας
1723 3320 1976 3385 ἵκανεν·

259 3427 589 3510 αὐδήεντα
634 3424 694 3491 δ’
742 3429 943 3509 ἔθηκε
986 3427 1145 3509 θεά,
1192 3426 1596 3502 λευκώλενος
1623 3424 1829 3510 ”Ηρη·

262 3530 418 3618 ,,καὶ
463 3535 615 3615 λίην
662 3530 723 3596 σ’
769 3533 864 3596 ἔτι
908 3539 1036 3596 νῦν
1081 3555 1156 3614 γε
1203 3532 1578 3613 σαώσομεν,
1625 3525 1844 3612 ὄβριμ’
1891 3525 2211 3607 Ἀχιλλεῦ·

296 3638 339 3671 Ι
