2525 3884
292 197 377 262 52
1083 198 1383 249 ΙΛΙΑΔΟΣ
1422 197 1485 249 ο.

289 328 486 406 τόνδε
533 339 713 426 φέρω
761 339 880 406 Διὶ
926 345 1149 423 μῦθον
1197 337 1448 423 ἀπηνέα
1490 362 1562 404 τε
1605 343 1926 424 κρατερόν
1968 363 2066 423 τε,

289 440 331 528 ἦ
374 468 440 510 τι
493 445 982 531 μεταστρέψειςς
1029 442 1336 530 στρεπταὶ
1382 444 1505 529 μέν
1547 468 1619 512 τε
1663 446 1906 530 φρένες
1950 446 2233 513 ἐσθλῶν.

292 545 498 634 οἶσθ’,
546 551 635 628 ὡς
676 551 1224 637 πρεσβυτέροισιν
1273 550 1529 635 ἐρινύες
1573 547 1717 617 αἰὲν
1762 550 2096 616 ἕπονται.“

377 658 499 740 τὴν
547 655 608 722 δ’
659 653 814 723 αὖτε
858 655 1204 742 προσέειπε
1251 657 1647 721 Ποσειδάων
1693 656 2095 740 ἐνοσίχθων·
2188 674 2301 723 205

289 752 449 847 ,,Ἷρι
494 764 651 847 θεά,
697 764 872 848 μάλα
913 770 1111 827 τοῦτο
1159 764 1312 837 ἔπος
1353 763 1517 827 κατὰ
1559 772 1801 846 μοῖραν
1845 765 2077 838 ἔειπες·

293 866 539 932 ἐσθλὸν
582 865 691 932 καὶ
733 868 809 932 τὸ
828 892 835 903 ’
854 864 1171 947 τέτυκται,
1219 860 1318 930 ὅτ’
1369 867 1642 949 ἄγγελος
1686 872 1915 951 αἴσιμα
1959 868 2120 952 εἰδῇ.

292 970 457 1036 ἀλλὰ
501 966 646 1037 τόδ’
698 972 890 1036 αἰνὸν
935 972 1092 1055 ἄχος
1135 970 1417 1056 κραδίην
1460 968 1571 1034 καὶ
1613 973 1839 1053 θυμὸν
1886 973 2123 1057 ἰκάνει,

291 1073 521 1141 ὁππότ’
574 1075 658 1142 ἂν
703 1079 1021 1162 ἰσόμορον
1063 1074 1174 1141 καὶ
1221 1075 1348 1160 ὁμῇ
1394 1075 1827 1161 πεπρωμένον
1874 1084 2026 1164 αἴσῃ
2323 1164 2326 1167 ¹

289 1182 592 1245 νεικείειν
639 1178 910 1265 ἐθέλῃσι
953 1186 1345 1266 χολωτοῖσιν
1392 1180 1709 1247 ἐπέεσσιν.
2188 1203 2300 1252 210

291 1281 432 1350 ἀλλ’
481 1280 524 1368 ἦ
568 1307 672 1349 τοι
716 1295 845 1350 νῦν
891 1285 1013 1370 μέν
1057 1310 1132 1370 γε
1176 1283 1608 1370 νεμεσσηθεὶς
1652 1287 1966 1372 ὑποείξω,

292 1392 451 1456 ἄλλο
498 1388 578 1454 δέ
614 1413 719 1456 τοι
763 1391 956 1477 ἐρέω,
1003 1390 1113 1459 καὶ
1159 1392 1490 1475 ἀπειλήσω
1533 1394 1611 1458 τό
1655 1416 1732 1475 γε
1776 1400 2001 1483 θυμῷ·

291 1502 368 1561 αἰ
401 1519 517 1561 κεν.
561 1497 722 1562 ἄνευ
768 1497 1008 1582 ἐμέθεν
1050 1496 1160 1563 καὶ
1190 1496 1548 1581 Ἀθηναίης
1593 1498 1921 1583 ἀγελείης,

294 1600 529 1687 [“”Ήρης
563 1597 839 1687 Ἑρμείω
883 1625 954 1667 τε
997 1601 1108 1668 καὶ
1141 1599 1532 1686 Ἡφαίστοιο
1579 1605 1886 1686 ἄνακτος]

285 1702 485 1773 Ἰλίου
530 1709 826 1789 αἰπεινῆς
858 1707 1321 1791 πεφιδήσεται,
1370 1703 1515 1771 οὐδ’
1569 1707 1877 1792 ἐθελήσει
2194 1729 2298 1777 215

292 1812 632 1899 ἐκπέρσαι,
679 1813 916 1876 δοῦναι
944 1808 1019 1876 δὲ
1055 1810 1222 1895 μέγα
1265 1812 1504 1895 κράτος
1541 1811 1973 1898 Ἀργείοισιν,

294 1926 449 1985 ἴστω
491 1914 715 1999 τοῦθ’,
763 1917 863 1981 ὅτι
906 1927 1069 1981 νῶιν
1114 1916 1471 2001 ἀνήκεστος
1514 1921 1709 2002 χόλος
1755 1922 2001 1985 ἔσται.“

381 2020 468 2101 ὧς
513 2023 715 2089 εἰπὼν
761 2024 908 2086 λίπε
952 2022 1117 2086 λαὸν
1156 2016 1484 2105 Ἀχαιικὸν
1533 2022 1978 2108 ἐννοσίγαιος,

294 2132 454 2195 δῦνε
500 2127 574 2194 δὲ
616 2131 864 2194 πόντον
911 2127 1064 2209 ἰών,
1109 2129 1411 2193 πόθεσαν
1458 2126 1520 2193 δ’
1572 2130 1783 2215 ἥρωες
1820 2127 2087 2216 Ἀχαιοί.

290 2235 400 2302 καὶ
440 2232 574 2300 τότ’
619 2232 998 2299 Ἀπόλλωνα
1041 2232 1344 2318 προσέφη
1391 2236 1870 2321 νεφεληγερέτα
1917 2240 2116 2317 Ζεύς·
2187 2258 2290 2307 220

293 2344 523 2427 ,,ἔρχεο
567 2348 724 2421 νῦν,
773 2342 924 2422 φίλε
966 2341 1195 2422 Φοῖβε,
1239 2335 1397 2422 μεθ’
1416 2337 1697 2426 Ἕκτορα
1732 2347 2291 2430 χαλκοκορυστήν·

291 2447 419 2530 ἤδη
464 2441 586 2530 μὲν
628 2444 756 2527 γάρ
801 2466 904 2508 τοι
948 2446 1259 2528 γαιήοχος
1304 2443 1716 2528 ἐννοσίγαιος

295 2558 537 2636 οἴχεται
583 2553 676 2628 εἰς
720 2550 845 2615 ἅλα
891 2551 1074 2632 δῖαν,
1120 2549 1521 2634 ἀλευάμενος
1563 2554 1765 2635 χόλον
1812 2556 2015 2619 αἰπὺν

291 2655 633 2744 ἡμέτερον·
680 2656 852 2740 μάλα
896 2655 1022 2739 γάρ
1068 2678 1140 2719 κε
1185 2655 1394 2739 μάχης
1440 2656 1771 2723 ἐπύθοντο
1816 2657 1926 2724 καὶ
1971 2661 2187 2745 ἄλλοι,

295 2765 367 2828 οἵ
402 2785 525 2849 περ
570 2760 909 2846 ἐνέρτεροί
946 2763 1074 2826 εἰσι
1118 2764 1305 2843 θεοί,
1352 2765 1623 2848 Κρόνον
1669 2764 1879 2849 ἀμφὶς
1934 2765 2169 2844 ἐόντες.
2188 2785 2290 2834 225

295 2869 459 2935 ἀλλὰ
503 2864 643 2933 τόδ’
694 2863 861 2951 ἠμὲν
907 2863 1051 2950 ἐμοὶ
1096 2868 1266 2931 πολὺ
1311 2867 1579 2953 κέρδιον
1622 2868 1748 2953 ἠδέ
1788 2873 1861 2936 οἰ
1898 2871 2074 2960 αὐτῷ
2365 2871 2378 2879 “

296 2979 552 3056 ἔπλετο,
600 2973 737 3038 ὄττι
780 2973 1065 3056 πάροιθε
1110 2972 1548 3057 νεμεσσηθεὶς
1580 2976 1885 3055 ὑπόειξεν

294 3090 514 3167 χεῖρας
559 3078 748 3162 ἐμάς,
796 3075 933 3142 ἐπεὶ
979 3077 1062 3142 οὔ
1106 3100 1221 3142 κεν
1269 3078 1593 3163 ἀνιδρωτί
1630 3105 1705 3164 γε
1748 3081 2049 3165 τελέσθη.

296 3186 460 3250 ἀλλὰ
505 3185 591 3251 σύ
633 3180 697 3267 γ’
751 3183 824 3248 ἐν
868 3187 1155 3268 χείρεσσι
1200 3179 1348 3267 λάβ’
1405 3187 1630 3268 αἰγίδα
1672 3191 2172 3273 θυσανόεσσαν,

296 3292 418 3374 τὴν
464 3285 612 3375 μάλ’
667 3287 1015 3354 ἐπισσείων
1061 3288 1333 3373 φοβέειν
1377 3290 1597 3375 ἥρωας
1636 3289 1961 3376 Ἀχαιούς·
2192 3304 2294 3362 230

298 3393 405 3461 σοὶ
451 3389 512 3460 δ’
564 3394 741 3482 αὐτῷ
789 3392 1061 3478 μελέτω,
1100 3392 1474 3478 ἑκατηβόλε,
1523 3398 1838 3481 φαίδιμος
1866 3396 2144 3484 Ἕκτωρ·

295 3505 514 3588 τόφρα
558 3502 684 3585 γὰρ
733 3494 856 3564 οὖν
902 3500 973 3565 οἰ
1013 3502 1221 3587 ἔγειρε
1266 3500 1465 3585 μένος
1510 3502 1702 3586 μέγα,
1751 3499 1907 3577 ὄφρ’
1948 3503 2032 3570 ἂν
2052 3498 2291 3590 Ἀχαιοὶ
