2525 3884
1264 82 1280 119 ἦ

328 189 456 257 144
1127 186 1429 239 ΙΛΙΑΔοΣ
1465 186 1526 237 T.

415 327 501 409 ὧς
547 333 674 418 ἄρα
712 332 1076 415 φωνήσασα
1122 326 1321 413 μένος
1366 323 1789 413 πολυθαρσὲς
1832 326 2092 410 ἐνῆκεν,

327 440 691 524 Πατρόκλῳ
740 432 801 500 δ’
857 430 1000 501 αὖτ’
1054 436 1425 520 ἀμβροσίην
1470 431 1581 499 καὶ
1626 430 1864 519 νέκταρ
1913 431 2230 518 ἐρυθρὸν

327 540 516 621 στάξε
560 544 724 608 κατὰ
768 542 1007 628 ῥινῶν,
1054 542 1164 607 ἵνα
1213 541 1283 606 οἱ
1322 541 1493 625 χρὼς
1540 540 1817 623 ἔμπεδος
1862 543 1980 623 εἴη.

416 648 625 732 αὐτὰρ
673 647 708 713 ὁ
755 652 839 732 βῆ
885 649 1061 732 παρὰ
1103 653 1270 711 θῖνα
1313 646 1659 728 θαλάσσης
1706 646 1848 721 δῖος
1885 640 2234 728 Ἀχιλλεὺς
2311 660 2401 709 40

327 753 696 840 σμερδαλέα
745 754 982 838 ἰάχων,
1031 749 1245 837 ὦρσεν
1292 749 1354 817 δ’
1407 753 1628 836 ἥρωας
1664 748 1980 835 Ἀχαιούς.
2245 819 2252 825 ,

325 862 442 927 καί
498 855 563 945 ῤ’
625 860 697 925 οἵ
734 881 856 944 περ
902 860 976 923 τὸ
1022 859 1230 944 πάρος
1285 882 1359 940 γε
1404 867 1577 923 νεῶν
1626 856 1700 922 ἐν
1746 855 1953 940 ἀγῶνι
1998 854 2392 940 μένεσκον,

329 965 401 1030 οἵ
439 987 509 1031 τε
552 967 949 1049 κυβερνῆται
993 960 1102 1027 καὶ
1148 964 1302 1047 ἔχον
1348 965 1527 1046 οἰήια
1571 972 1754 1048 νηῶν

327 1068 438 1135 καὶ
482 1072 708 1154 ταμίαι
754 1069 931 1152 -αρά
975 1066 1218 1152 νηυσὶν
1265 1071 1455 1151 ἔσαν,
1505 1071 1713 1134 σίτοιο
1761 1069 2060 1153 δοτῆρες,

327 1173 437 1240 καὶ
474 1177 606 1260 μὴν
644 1176 715 1240 οἰ
743 1177 890 1239 τότε
925 1170 988 1258 γ’
1032 1176 1126 1251 εἰς
1162 1175 1415 1261 ἀγορὴν
1451 1180 1627 1258 ἴσαν,
1664 1170 1882 1239 οὕνεκ’
1918 1170 2259 1256 Ἀχιλλεὺς
2295 1189 2384 1238 45

329 1281 647 1367 ἐξεφάνη,
698 1282 908 1366 δηρὸν
955 1277 1030 1345 δὲ
1076 1281 1285 1365 μάχης
1328 1275 1633 1345 ἐπέπαυτ’
1678 1279 2030 1362 ἀλεγεινῆς.

326 1389 419 1453 τὼ
467 1384 541 1453 δὲ
588 1388 726 1452 δύω
780 1386 1088 1464 σκάζοντε
1134 1387 1344 1470 βάτην
1369 1384 1605 1470 ’Ἄρεος
1651 1384 2049 1471 θεράποντε,

336 1494 659 1576 Τυδεΐδης
702 1515 772 1557 τε
818 1495 1296 1578 μενεπτόλεμος
1339 1488 1449 1555 καὶ
1494 1492 1637 1567 δῖος
1675 1487 2051 1573 Ὀδυσσεύς,

333 1601 508 1683 ἔγχει
554 1596 984 1685 ἐρειδομένω·
1022 1601 1117 1663 ἔτι
1161 1599 1289 1683 γὰρ
1335 1600 1489 1680 ἔχον
1534 1595 1723 1662 ἕλκεα
1768 1596 2003 1681 λυγρά·

330 1705 456 1768 κὰδ
503 1699 576 1768 δὲ
622 1704 781 1787 μετά
825 1704 1046 1789 πρώτῃ
1094 1703 1302 1789 ἀγορῇ
1348 1703 1564 1780 ἵζοντο
1610 1703 1880 1778 κιόντες.
2291 1718 2373 1769 50
2503 1704 2505 1769 ζ

333 1808 540 1894 αὐτὰρ
587 1807 622 1873 ὁ
673 1808 982 1885 δεύτατος
1025 1804 1235 1893 ἦλθεν
1282 1805 1445 1885 ἄναξ
1491 1806 1759 1893 ἀνδρῶν
1797 1794 2258 1891 Ἀγαμέμνων,

333 1914 520 1992 ἕλκος
566 1917 764 2000 ἔχων·
809 1912 919 1979 καὶ
963 1915 1090 2001 γὰρ
1135 1916 1254 1980 τὸν
1302 1912 1403 1980 ἐνὶ
1448 1921 1728 2000 κρατερῇ
1773 1913 2017 1999 ὑσμίνῃ

335 2016 497 2088 οὖτα
542 2024 743 2088 Κόων
783 2016 1252 2107 Ἀντηνορίδης
1294 2022 1609 2106 χαλκήρεϊ
1651 2020 1863 2105 δουρί.

335 2128 541 2213 αὐτὰρ
588 2126 728 2194 ἐπεὶ
775 2128 856 2211 δὴ
902 2128 1140 2204 πάντες
1184 2125 1643 2210 ἀολλίσθησαν
1682 2123 1959 2210 Ἀχαιοί,

333 2243 506 2299 τοῖσι
553 2231 614 2298 δ’
668 2234 1100 2318 ἀνιστάμενος
1144 2231 1390 2317 μετέφη
1434 2234 1644 2309 πόδας
1691 2231 1864 2309 ὠκὺς
1883 2229 2247 2316 Ἀχιλλεύς·
2287 2248 2358 2298 ⁶6

335 2336 698 2425 ,,’Λτρεΐδη,
744 2334 787 2421 ἦ
833 2341 916 2426 άρ
960 2362 1025 2404 τι
1066 2333 1208 2406 τόδ’
1260 2337 1733 2424 ἀμφοτέροισιν
1780 2339 2005 2423 ἄρειον

337 2446 594 2528 ἔπλετο,
642 2442 750 2509 σοὶ
792 2443 903 2510 καὶ
948 2445 1121 2530 ἐμοί,
1169 2445 1278 2511 ὅτε
1321 2447 1453 2509 νῶί
1489 2465 1611 2531 περ
1658 2441 2004 2529 ἀχνυμένω
2048 2452 2171 2529 κῆρ

335 2553 697 2638 θυμοβόρῳ
745 2552 916 2637 ἔριδι
960 2554 1369 2636 μενεήναμεν
1414 2551 1632 2616 εἵνεκα
1674 2551 1953 2633 κούρης;

336 2658 459 2740 τὴν
506 2654 692 2740 ὄφελ’
744 2657 818 2722 ἐν
864 2658 1094 2740 νήεσσι
1137 2658 1544 2741 κατακτάμεν
1572 2655 1874 2743 ’Ἄρτεμις
1920 2658 1997 2744 ἰῷ

337 2764 536 2846 ἤματι
578 2770 694 2851 τῷ,
741 2756 836 2828 ὅτ’
888 2763 1060 2847 ἐγὼν
1105 2762 1352 2847 ἑλόμην
1395 2764 1798 2848 Λυρνησσὸν
1845 2760 2147 2838 ὀλέσσας·
2283 2779 2358 2830 60

338 2876 429 2957 τῷ
475 2865 534 2933 κ’
582 2869 671 2936 οὐ
714 2873 945 2935 τόσσοι
983 2863 1228 2953 Ἀχαιοὶ
1275 2867 1433 2947 ὀδὰξ
1479 2868 1644 2934 ἕλον
1678 2871 1962 2934 ἄσπετον
2009 2862 2212 2944 οὖδας

341 2974 723 3059 δυσμενέων
749 2971 896 3041 ’ὑπὸ
943 2977 1199 3061 χερσίν,
1248 2974 1405 3058 ἐμεῦ
1450 2974 1997 3059 ἀπομηνίσαντος.

325 3078 592 3168 ’Ἑκτορι
636 3079 759 3168 μὲν
803 3079 913 3148 καὶ
965 3065 1304 3167 Τρωσὶτὸ
1351 3079 1645 3166 κέρδιον·
1691 3081 1899 3166 αὐτὰρ
1938 3076 2237 3163 ’Λχαιοὺς

343 3187 554 3273 δηρὸν
602 3188 758 3272 ἐμῆς
801 3185 911 3253 καὶ
948 3196 1067 3271 σῆς
1111 3189 1331 3273 ἔριδος
1375 3190 1747 3272 μνήσεσθαι
1793 3186 1928 3252 ὀίω.

342 3293 508 3359 ἀλλά
552 3295 632 3360 τὰ
677 3290 798 3378 μὲν
844 3295 1286 3380 προτετύχθαι
1331 3292 1610 3378 ἐάσομεν
1656 3292 2020 3379 ἀχνύμενοί
2057 3314 2208 3378 περ,
2281 3306 2350 3357 65

341 3401 568 3486 θυμὸν
614 3398 716 3469 ἐνὶ
762 3403 1080 3484 στήθεσσι
1126 3405 1328 3485 φίλον
1374 3401 1782 3486 δαμάσαντες
1827 3399 2104 3485 ἀνάγκη·

343 3516 472 3575 νῦν
519 3504 581 3574 δ’
633 3503 676 3592 ἦ
722 3530 826 3573 τοι
870 3503 992 3594 μὲν
1039 3507 1165 3591 ἐγὼ
1211 3507 1399 3573 παύω
1445 3509 1677 3592 χόλον,
1726 3505 1890 3572 οὐδέ
1927 3508 2000 3571 τί
2028 3529 2110 3591 με
2154 3505 2276 3592 χρὴ

2211 3758 2246 3801 l
