2525 3884
253 195 385 260 214
1061 197 1362 249 ΙΛΙΑΔΟΣ
1398 197 1473 252 Ψ.

254 336 415 406 εἵατ’
466 338 578 427 ἄρ’
621 335 788 408 αὖθι
832 337 1142 425 μένοντες
1186 337 1467 416 ἀολλέες.
1515 340 1722 426 αὐτὰρ
1763 335 2096 426 Ἀχιλλεὺς
2177 428 2186 435 .

253 445 486 512 αὐτίκα
530 447 1042 532 Μυρμιδόνεσσι
1089 444 1633 531 φιλοπτολέμοισι
1676 444 1989 513 κέλευσεν

251 553 498 636 χαλκὸν
537 553 935 635 ζώννυσθαι,
975 552 1189 632 ζεῦξαι
1228 548 1290 617 δ’
1333 547 1446 618 ὑπ’
1489 553 1769 638 ὄχεσφιν
1806 551 2084 619 ἕκαστον
2137 612 2142 619 ,
2173 571 2276 620 130

253 658 520 736 ἵππους·
568 658 640 724 οἱ
679 654 742 724 δ’
795 659 1097 745 ὤρνυντο
1141 655 1252 723 καὶ
1298 657 1373 724 ἐν
1415 658 1759 743 τεύχεσσιν
1804 659 2077 743 ἔδυνον,

255 763 340 829 ἂν
385 760 447 829 δ’
500 766 662 849 ἔβαν
707 764 781 831 ἐν
828 766 1129 851 δίφροισι
1174 764 1572 850 παραιβάται
1614 764 1882 850 ἡνίοχοί
1917 787 2006 832 τε.

253 872 513 957 πρόσθε
557 867 679 955 μὲν
726 870 974 954 ἱππῆες,
1020 871 1180 954 μετὰ
1225 865 1301 935 δὲ
1345 869 1549 955 νέφος
1594 870 1807 937 εἵπετο
1853 874 2094 955 πεζῶν,

254 979 507 1062 μυρίοι·
555 975 628 1041 ἐν
673 972 748 1040 δὲ
792 973 1050 1059 μέσοισι
1094 974 1309 1060 φέρον
1355 976 1747 1062 Πάτροκλον
1793 976 2058 1063 ἑταῖροι.

253 1080 438 1168 θριξὶ
485 1080 560 1147 δὲ
601 1081 815 1147 πάντα
859 1079 1061 1147 νέκυν
1106 1084 1577 1166 καταείνυσαν,
1624 1081 1711 1161 ἃς,
1747 1081 2112 1167 ἐπέβαλλον
2174 1103 2275 1152 135

253 1190 654 1272 κειρόμενοι·
700 1189 939 1254 ὄπιθεν
986 1185 1062 1253 δὲ
1103 1187 1273 1274 κάρη
1320 1190 1426 1273 ἔχε
1471 1189 1615 1266 δῖος
1654 1183 1985 1274 Ἀχιλλεὺς

256 1293 649 1379 ἀχνύμενος·
695 1293 932 1381 ἕταρον
975 1295 1104 1380 γὰρ
1149 1293 1456 1378 ἀμύμονα
1500 1290 1699 1379 πέμπ’
1744 1293 2060 1362 Ἄιδόσδε.

347 1401 418 1466 οἱ
449 1396 512 1466 δ’
545 1401 653 1466 ὅτε
688 1411 908 1487 χῶρον
942 1401 1197 1484 ἵκανον,
1236 1401 1354 1466 ὅθι
1381 1402 1571 1484 σφίσι
1598 1398 1883 1485 πέφραδ’
1921 1397 2276 1488 Ἀχιλλεύς,

255 1507 611 1591 κάτθεσαν,
659 1502 821 1586 αἶψα
868 1506 947 1572 δέ
987 1507 1060 1573 οἱ
1097 1505 1438 1592 μενοεικέα
1483 1508 1685 1589 νήεον
1729 1508 1917 1592 ὕλην.

242 1604 410 1680 ’ἔνθ’
455 1609 598 1680 αὖτ’
649 1610 793 1679 ἄλλ’
845 1612 1077 1696 ἐνόησε
1120 1612 1456 1697 ποδάρκης
1502 1613 1646 1690 δῖος
1685 1607 2041 1699 Ἀχιλλεύς·
2176 1636 2276 1685 140

260 1721 416 1797 στας
461 1718 799 1786 ἀπάνευθε
842 1727 1055 1804 πυρῆς
1100 1717 1360 1803 ξανθὴν
1405 1718 1789 1805 ἀπεκείρατο
1833 1725 2096 1808 χαίτην,

256 1829 381 1910 τήν
425 1824 510 1912 ῥα
556 1829 895 1912 Σπερχειῷ
941 1832 1211 1913 ποταμῷ
1257 1823 1460 1910 τρέφε
1504 1828 1966 1909 τηλεθόωσαν·

260 1933 554 2018 ὀχθήσας
600 1930 659 1998 δ’
709 1933 838 2017 ἄρα
884 1925 1064 1997 εἶπεν
1113 1931 1278 1996 ἰδὼν
1324 1929 1429 1996 ἐπὶ
1476 1937 1714 1998 οἴνοπα
1757 1936 2033 2002 πόντον·

259 2036 639 2126 ,,Σπερχεί’,
685 2039 899 2115 ἄλλως
934 2039 1049 2103 σοί
1079 2060 1154 2121 γε
1198 2038 1411 2124 πατὴρ
1456 2038 1745 2124 ἠρήσατο
1794 2044 2059 2124 Πηλεὺς

257 2146 438 2213 κεῖσέ
486 2170 566 2232 με
609 2147 1027 2229 νοστήσαντα
1071 2146 1279 2228 φίλην
1325 2144 1392 2222 ἐς
1435 2146 1722 2231 πατρίδα
1763 2158 1966 2230 γαῖαν
2175 2167 2274 2216 145

259 2256 375 2320 σοί
412 2276 483 2318 τε
526 2254 740 2337 κόμην
782 2250 1034 2338 κερέειν
1079 2249 1293 2337 ῥέξειν
1336 2247 1410 2316 θ’
1466 2251 1652 2337 ἱερὴν
1698 2251 2095 2341 ἑκατόμβην,

257 2362 666 2444 πεντήκοντα
710 2354 773 2423 δ’
825 2360 1065 2444 ἔνορχα
1109 2351 1263 2443 παρ’
1316 2356 1558 2423 αὐτόθι
1603 2354 1778 2443 μῆλ’.
1808 2359 2130 2446 ἱερεύσειν

260 2466 328 2543 ἐς
370 2465 603 2548 πηγάς,
650 2465 769 2530 ὅθι
810 2485 915 2530 τοι
958 2463 1229 2549 τέμενος
1271 2465 1493 2548 βωμός
1535 2486 1606 2528 τε
1648 2466 1902 2548 θυήεις.

260 2567 349 2650 ὧς
392 2556 611 2657 ἠρᾶθ’
646 2569 683 2635 ὁ
730 2568 967 2655 γέρων,
1013 2571 1099 2635 σὺ
1147 2567 1225 2636 δέ
1266 2570 1338 2634 οἱ
1375 2571 1540 2635 νόον
1587 2569 1711 2635 οὐκ
1755 2569 2112 2650 ἐτέλεσσας.

258 2686 387 2744 νῦν
426 2672 516 2759 δ’,
552 2673 693 2743 ἐπεὶ
730 2674 811 2740 οὐ
846 2672 1088 2759 νέομαί
1113 2698 1190 2758 γε
1225 2677 1434 2759 φίλην
1471 2675 1538 2753 ές
1572 2678 1855 2760 πατρίδα
1889 2688 2110 2763 γαῖαν,
2174 2696 2270 2746 150

261 2785 625 2871 Πατρόκλῳ
670 2781 838 2867 ’ἥρωι
879 2782 1094 2865 κόμην
1139 2780 1455 2866 ὀπάσαιμι
1499 2781 1890 2869 φέρεσθαι.“

350 2883 439 2967 ὧς
484 2888 687 2956 εἰπὼν
734 2887 808 2954 ἐν
852 2884 1036 2971 χερσὶ
1079 2889 1293 2971 κόμην
1339 2886 1597 2974 ἑτάροιο
1642 2891 1868 2972 φίλοιο

258 3002 501 3079 θῆκεν,
545 3005 719 3060 τοῖσι
765 2989 840 3060 δὲ
883 3001 1085 3059 πᾶσιν
1128 2990 1250 3080 ὑφ’
1302 2994 1533 3081 ἵμερον
1578 2989 1752 3080 ὦρσε
1794 2998 2000 3079 γόοιο.

258 3105 377 3169 καί
415 3103 502 3167 νύ
544 3096 608 3167 κ’
660 3097 1173 3186 ὀδυρομένοισιν
1218 3101 1339 3166 ἔδυ
1382 3100 1554 3185 φάος
1597 3100 1876 3185 ἠελίοιο,

263 3209 327 3273 εί
367 3209 456 3292 μὴ
497 3203 826 3293 Ἀχιλλεὺς
871 3202 1011 3286 αἶψ’
1059 3202 1495 3292 Ἀγαμέμνονι
1540 3201 1680 3272 εἷπε
1723 3208 2081 3294 παραστάς·
2175 3226 2272 3275 155

262 3309 595 3400 ,,Ἀτρεΐδη
615 3362 635 3397 ,
681 3311 791 3380 σοὶ
832 3313 962 3400 γάρ
1007 3337 1078 3380 τε
1123 3313 1402 3399 μάλιστά
1444 3337 1521 3397 γε
1566 3314 1724 3390 λαὸς
1763 3309 2041 3399 Ἀχαιῶν

262 3423 603 3488 πείσονται
648 3421 958 3506 μύθοισι·
1001 3422 1189 3505 γόοιο
1235 3416 1358 3505 μὲν
1402 3422 1539 3486 ἔστι
1582 3417 1694 3486 καὶ
1738 3414 1922 3505 ἆσαι,

263 3536 390 3593 νῦν
437 3525 501 3594 δ’
552 3527 679 3594 ἀπὸ
726 3536 1048 3614 πυρκαϊῆς
1091 3527 1421 3594 σκέδασον
1464 3524 1575 3623 καὶ
1611 3528 1895 3623 ’δεῖπνον
1939 3529 2201 3612 ἄνωχθι
