2525 3884
31 1210 38 1231 γ
31 1184 34 1193 -
31 1106 34 1111 .
31 1010 34 1047 ἡ

1012 222 1313 274 ΙΛΙΑΛοΣ
1348 223 1489 275 xv1.
2153 184 2239 285 85

224 372 385 427 τοῖο
429 359 554 447 μὲν
597 362 1001 447 Αὐτομέδων
1047 364 1475 449 δουρικλυτὸς
1518 364 1744 449 εὕρετο
1787 363 2069 450 τέκμωρ·

228 467 703 552 σπασσάμενος
743 469 1060 552 τανύηκες
1103 470 1225 555 ἄορ
1270 468 1509 553 παχέος
1551 471 1727 554 παρὰ
1768 478 2013 555 μηροῦ,

227 572 427 651 ἀίξας
469 571 754 651 ἀπέκοψε
798 575 1138 659 παρήορον
1185 571 1346 641 οὐδὲ
1390 575 1705 660 μάτησεν,

227 680 334 744 τὼ
379 675 441 743 δ’
486 673 895 762 ἰθυνθήτην,
943 678 1016 744 ἐν
1062 675 1135 744 δὲ
1181 678 1456 765 ῥυτῆρσι
1498 679 1855 744 τάνυσθεν·
2135 695 2240 746 4⁷6

227 786 334 850 τὼ
381 781 443 851 δ’
486 779 672 861 αὖτις
715 788 992 868 συνίτην
1038 786 1257 870 ἔριδος
1299 784 1448 871 πέρι
1492 787 1923 870 θυμοβόροιο.

330 886 478 956 ἔνθ’
520 884 607 956 αὖ
651 891 1031 976 Σαρπηδὼν
1076 887 1196 975 μὲν
1240 890 1615 975 ἀπήμβροτε
1661 888 1854 975 δουρὶ
1899 899 2150 978 φαεινῷ
2166 939 2185 974 ,

229 997 636 1081 Πατρόκλου
682 991 745 1061 δ’
785 992 950 1082 ὑπὲρ
997 991 1179 1081 ὦμον
1225 995 1570 1082 ἀριστερὸν
1614 992 1815 1080 ἤλυθ’
1856 996 2075 1081 ἀκωκὴ

227 1105 496 1186 ἔγχεος,
539 1097 685 1167 οὐδ’
730 1095 910 1185 ἔβαλ’
950 1101 1184 1168 αὐτόν·
1227 1101 1264 1167 ὁ
1303 1098 1365 1166 δ’
1407 1103 1679 1188 ὕστερος
1724 1103 1980 1189 ὤρνυτο
2021 1107 2237 1190 χαλκῷ

226 1206 651 1291 Πάτροκλος·
694 1215 815 1271 τοῦ
852 1204 912 1271 δ’
957 1207 1078 1292 οὐχ
1114 1207 1306 1272 ἅλιον
1341 1206 1535 1291 βέλος
1571 1210 1814 1292 ἔκφυγε
1849 1211 2099 1294 χειρός,
2134 1223 2240 1274 480

227 1308 384 1376 ἀλλ’
422 1305 626 1396 ἔβαλ’,
663 1309 811 1377 ἔνθ’
837 1313 964 1397 ἄρα
990 1335 1061 1378 τε
1088 1312 1329 1398 φρένες
1357 1315 1620 1398 ἔρχαται
1645 1310 1809 1397 ἀμφ’
1836 1313 2071 1380 ἁδινὸν
2097 1322 2237 1399 κῆρ.

31 1428 49 1541 ζ·
115 1461 121 1467 -
225 1419 435 1503 ἤριπε
481 1411 570 1500 δ’,
615 1416 704 1494 ὡς
748 1418 856 1482 ὅτε
898 1441 998 1494 τις
1043 1419 1207 1504 δρῦς
1249 1419 1485 1503 ἤριπεν
1528 1418 1569 1502 ἣ
1615 1417 1890 1504 ἀχερωὶς

226 1519 313 1605 ἠὲ
359 1526 552 1599 πίτυς
594 1525 897 1608 βλωθρή,
948 1526 1071 1606 τήν
1112 1521 1170 1588 τ’
1215 1525 1441 1610 οὔρεσι
1485 1524 1781 1602 τέκτονες
1825 1526 2063 1611 ἄνδρες

228 1626 552 1713 ἐξέταμον
595 1627 932 1695 πελέκεσσι
975 1632 1235 1713 νεήκεσι
1280 1633 1475 1714 νήιον
1519 1625 1717 1696 εἶναι·

227 1728 328 1811 ὧς
377 1733 413 1799 ὁ
458 1731 700 1819 πρόσθ’
744 1734 961 1800 ἵππων
1005 1732 1113 1799 καὶ
1161 1736 1409 1822 δίφρου
1453 1748 1627 1803 κεῖτο
1671 1741 2057 1820 τανυσθείς,
2129 1753 2234 1804 486

228 1840 578 1925 βεβρυχὼς
619 1843 840 1917 κόνιος
886 1840 1328 1926 δεδραγμένος
1374 1842 1820 1928 αἱματοέσσης.

227 1945 398 2028 ήύτε
440 1953 687 2031 ταῦρον
732 1948 974 2029 ἔπεφνε
1019 1944 1187 2012 λέων
1227 1946 1508 2032 ἀγέληφι
1553 1950 1922 2032 μετελθών,

230 2056 503 2116 αὔθωνα
547 2050 965 2135 μεγάθυμον,
1012 2051 1086 2117 ἐν
1132 2053 1530 2118 εἰλιπόδεσσι
1574 2054 1873 2137 βόεσσιν,

232 2156 446 2221 ὤλετό
488 2178 559 2221 τε
580 2155 938 2239 ’στενάχων
980 2155 1110 2222 ὑπὸ
1154 2163 1536 2243 γαμφηλῇσι
1580 2156 1876 2242 λέοντος,

232 2255 332 2337 ὦς
373 2258 504 2325 ὑπὸ
536 2263 910 2353 ,Πατρόκλῳ
955 2265 1227 2352 Λυκίων
1272 2261 1431 2346 ἀγὸς
1475 2262 1850 2329 ἀσπιστάων
2132 2281 2237 2332 490

231 2367 655 2450 κτεινόμενος
698 2364 1027 2449 μενέαινε,
1074 2370 1291 2450 φίλον,
1323 2361 1384 2432 δ’
1427 2367 1755 2453 ὀνόμηνεν
1800 2367 2090 2456 ἑταῖρον·

233 2472 542 2555 „ssavus
557 2468 796 2553 πέπον,
815 2472 1171 2554 πολεμιστὰ
1188 2467 1326 2556 μετ’
1351 2472 1662 2559 ἀνδράσι,
1682 2483 1812 2540 νῦν
1830 2490 1904 2540 σε
1924 2476 2095 2560 μάλα
2113 2478 2237 2562 χρὴ

234 2578 561 2660 αἰχμητήν
603 2573 660 2641 τ’
704 2577 927 2659 ἔμεναι
972 2573 1085 2641 καὶ
1127 2578 1505 2662 θαρσαλέον
1538 2584 1963 2665 πολεμιστήν·

236 2690 371 2747 νῦν
413 2693 518 2745 τοι
561 2679 889 2746 ἐελδέσθω
934 2683 1217 2767 πόλεμος
1258 2686 1484 2767 κακός,
1532 2686 1594 2749 εἰ
1631 2684 1799 2763 θὀός
1843 2686 2001 2754 ἐσσι.

234 2774 483 2872 πρῶτα
507 2782 629 2871 μὲν
673 2787 958 2872 ὄτρυνον
996 2790 1270 2854 Λυκίων
1312 2788 1639 2876 ἡγήτορας
1674 2791 1952 2877 ἄνδρας,
2131 2809 2236 2861 496

234 2892 450 2978 πάντῃ
497 2892 945 2978 ἐποιχόμενος,
991 2896 1434 2983 Σαρπηδόνος
1478 2895 1998 2981 ἀμφιμάχεσθαι·

237 2997 448 3084 αὐτὰρ
491 3000 711 3065 ἔπειτα
753 2996 862 3064 καὶ
909 2999 1106 3077 αὐτὸς
1150 3000 1306 3085 ἐμεῦ
1349 3002 1754 3088 περιμάρναο
1799 3007 2032 3094 χαλκῷ.

239 3102 350 3169 σοὶ
391 3105 518 3190 γὰρ
564 3104 691 3189 ἐγὼ
736 3101 845 3169 καὶ
889 3107 1107 3172 ἔπειτα
1150 3110 1469 3191 κατηφείη
1514 3106 1621 3173 καὶ
1665 3109 1923 3187 ὄνειδος

235 3212 512 3294 ἔσσομαι
555 3211 770 3293 ἤματα
813 3210 1026 3275 πάντα
1073 3211 1451 3297 διαμπερές,
1498 3217 1566 3278 εἴ
1599 3212 1677 3279 κε’
1717 3208 1783 3299 μ’
1827 3211 2074 3300 ’Λχαιοὶ

238 3315 471 3399 τεύχεα
516 3317 851 3398 συλήσωσι
894 3326 1066 3381 νεῶν
1112 3317 1186 3383 ἐν
1230 3317 1439 3401 ἀγῶνι
1480 3321 1782 3385 πεσόντα.
2134 3336 2235 3385 500

240 3418 381 3486 ἀλλ’
425 3422 567 3504 ἔχεο
613 3431 971 3507 κρατερῶς,
1018 3424 1254 3509 ὄτρυνε
1301 3419 1375 3488 δὲ
1419 3423 1581 3488 λαὸν
1625 3424 1940 3489 ἅπαντα.“

328 3522 418 3603 ὧς
462 3528 590 3612 ἄρα
635 3549 752 3610 μιν
797 3527 1065 3593 εἰπόντα
1106 3527 1292 3605 τέλος
1332 3527 1654 3593 θανάτοιο
1693 3528 1995 3605 κάλυψεν
