2525 3884
909 216 921 228 ,
1028 146 1331 252 ωΑᾸοΣ
1362 173 1559 282 xxm
2169 196 2301 263 255

288 338 493 425 αὐτὰρ
539 339 666 424 ἐγὼ
712 341 1153 426 πανάποτμος,
1202 340 1343 407 ἐπεὶ
1385 341 1579 409 τέκον
1623 335 1775 421 υἷας
1818 342 2127 427 ἀρίστους

293 447 496 531 Τροίῃ
544 445 616 512 ἐν
663 447 915 533 εὐρείῃ,
961 458 1096 514 τῶν
1151 444 1214 512 δ’
1266 448 1351 513 οὔ
1394 448 1545 513 τινά
1589 473 1760 534 φημι
1803 452 2166 532 λελεῖφθαι.

284 553 691 635 πεντήκοντά
735 576 848 638 μοι
892 548 1092 637 ἦσαν,
1143 547 1238 618 ὅτ’
1289 554 1553 636 ἤλυθον
1596 547 1736 630 υἷες
1775 549 2080 639 Ἀχαιῶν·
2141 575 2150 579 ·
2194 569 2301 619 495

286 655 748 723 ἐννεακαίδεκα
792 656 914 743 μέν
958 682 1073 743 μοι
1119 660 1222 743 ἰῆς
1268 661 1337 726 ἐκ
1381 662 1632 744 νηδύος
1675 656 1882 744 ἦσαν,

283 764 440 839 τοὺς
487 759 548 827 δ’
601 764 841 839 ἄλλους
885 787 1000 847 μοι
1046 766 1300 831 ἔτικτον
1347 763 1447 832 ἐνὶ
1491 767 1836 851 μεγάροισι
1881 774 2204 849 γυναῖκες.

285 879 418 933 τῶν
462 865 584 952 μὲν
627 874 893 935 πολλῶν
936 876 1192 955 θοῦρος
1218 869 1423 957 ’Ἄρης
1465 870 1596 938 ὑπὸ
1641 865 1914 955 γούνατ’
1966 875 2226 938 ἔλυσεν·

286 974 359 1052 ὃς
405 972 484 1040 δέ
522 998 637 1059 μοι
683 969 822 1053 οἶος
866 979 1014 1059 ἔην,
1061 983 1282 1063 εἴρυτο
1331 973 1405 1042 δὲ
1451 979 1616 1043 ἄστυ
1659 975 1770 1044 καὶ
1817 977 2088 1061 αὐτούς,

283 1082 404 1146 τὸν
448 1083 534 1146 σὺ
577 1082 808 1165 πρώην
852 1093 1112 1158 κτεῖνας
1147 1083 1571 1168 ἀμυνόμενον
1615 1082 1766 1169 περὶ
1810 1084 2087 1171 πάτρης,
2196 1100 2301 1150 500

272 1184 571 1273 ’Ἑκτορω
618 1195 738 1252 τοῦ
783 1196 911 1253 νῦν
957 1186 1152 1275 εἵνεχ’
1207 1189 1411 1255 ἱκάνω
1456 1199 1621 1274 νῆας
1659 1186 1965 1275 Ἀχαιῶν,

284 1295 649 1378 λυσόμενος
693 1295 870 1379 παρὰ
906 1306 1074 1378 σεῖο,
1115 1294 1297 1380 φέρω
1346 1294 1406 1361 δ’
1459 1293 1774 1383 ἀπερείσι’
1827 1297 2087 1361 ἄποινα.

285 1396 427 1465 ἀλλ’
479 1400 689 1465 αἰδεῖο
735 1401 960 1483 θεούς,
1000 1398 1277 1486 Ἀχιλεῦ,
1324 1401 1531 1467 αὐτόν
1574 1395 1632 1466 τ’
1683 1399 1956 1485 ἐλέησον

284 1504 700 1590 μνησάμενος
746 1514 870 1572 σοῦ
914 1508 1187 1592 πατρός·
1233 1506 1362 1591 ἐγὼ
1410 1504 1470 1572 δ’
1526 1506 1961 1590 ἐλεεινότερός
2004 1528 2157 1588 περ,

286 1613 482 1694 ἔτλην
526 1607 619 1695 δ’,
665 1603 753 1677 οἷ’
805 1612 887 1677 οὔ
931 1612 1033 1677 πώ
1077 1635 1176 1688 τις
1220 1611 1604 1697 ἐπιχθόνιος
1649 1614 1888 1698 βροτὸς
1930 1613 2148 1694 ἄλλος,
2195 1627 2298 1677 505

285 1716 530 1799 ἀνδρὸς
572 1717 1017 1801 παιδοφόνοιο
1062 1714 1214 1783 ποτὶ
1259 1721 1468 1803 στόμα
1512 1714 1677 1804 χεῖρ’
1728 1717 2148 1803 ὀρέγεσθαι.“
2184 1735 2188 1739 “

170 1810 181 1818 ”
375 1815 462 1898 ὧς
507 1822 707 1906 φάτο,
755 1831 845 1910 τῷ
888 1820 950 1887 δ’
987 1823 1112 1908 ἄρα
1153 1824 1403 1909 πατρὸς
1449 1818 1568 1909 ὑφ’
1601 1824 1832 1910 ’ἵμερον
1870 1820 2041 1909 ὦρσε
2083 1825 2295 1908 γόοιο’
2361 1818 2366 1827 ’

284 1927 617 2012 ἁψάμενος
661 1925 723 1992 δ’
767 1928 896 2013 ἄρα
940 1929 1157 2013 χειρὸς
1200 1928 1507 1995 ἀπώσατο
1554 1926 1681 2013 ἦκα
1724 1929 2022 2016 γέροντα.

283 2035 373 2099 τὼ
421 2030 495 2100 δὲ
540 2033 936 2119 μνησαμένω
985 2034 1022 2101 ὁ
1067 2031 1189 2119 μὲν
1219 2033 1535 2120 Ἕκτορος
1579 2034 2032 2119 ἀνδροφόνοιο

196 2126 205 2135 ’
282 2135 458 2207 κλαῖ’
501 2140 727 2224 ἀδινά,
773 2140 1189 2227 προπάροιθε
1224 2143 1455 2206 ποδῶν
1494 2136 1791 2224 Ἀχιλῆος
1826 2140 2162 2221 ἐλυσθείς,
2193 2155 2298 2206 510

287 2247 492 2331 αὐτὰρ
531 2243 865 2331 Ἀχιλλεὺς
908 2251 1134 2312 κλαῖεν
1180 2245 1296 2312 ἑὸν
1341 2242 1591 2329 πατέρ’,
1639 2246 1872 2311 ἄλλοτε
1919 2241 1985 2310 δ’
2027 2239 2183 2310 αὖτε

287 2353 705 2438 Πάτροκλον·
751 2361 888 2417 τῶν
935 2349 1009 2417 δὲ
1054 2353 1341 2437 στοναχὴ
1386 2353 1549 2417 κατὰ
1596 2346 1838 2436 δώματ’
1881 2351 2181 2437 ὀρώρειν.

286 2458 493 2543 αὐτὰρ
540 2457 684 2522 ἐπεί
723 2457 807 2543 ῥα
850 2458 1037 2539 γόοιο
1082 2458 1433 2543 τετάρπετο
1482 2459 1625 2535 δῖος
1663 2450 2020 2541 Ἀχιλλεύς,
2149 2475 2156 2484 ·

286 2567 431 2648 [καί
470 2563 541 2629 οἰ
580 2561 707 2628 ἀπὸ
752 2563 1099 2647 πραπίδων
1143 2557 1303 2646 ἦλθ’
1344 2563 1569 2649 ἵμερος
1612 2559 1718 2646 ηδ’
1764 2563 1888 2630 ἀπὸ
1933 2567 2145 2648 γυίων
2156 2567 2204 2646 ,]

284 2667 494 2739 αὐτίκ’
539 2668 664 2734 ἀπὸ
717 2670 979 2754 θρόνου
1034 2664 1234 2754 ὦρτο,
1291 2667 1575 2756 γέροντα
1631 2665 1705 2734 δὲ
1758 2671 1977 2754 χειρὸς
2030 2670 2296 2755 ἀνίστη,

284 2779 626 2863 οἰκτείρων
671 2775 907 2840 πολιόν
951 2797 1023 2839 τε
1066 2774 1236 2860 κάρη
1281 2777 1519 2840 πολιόν
1563 2797 1633 2840 τε
1667 2773 1959 2858 γένειον,
2191 2792 2294 2843 516

281 2887 399 2950 καί
437 2907 551 2969 μιν
598 2883 914 2967 φωνήσας
961 2882 1116 2945 ἔπεα
1160 2881 1516 2964 πτερόεντα
1562 2879 1937 2965 προσηύδα·

284 2985 371 3074 ,,ἀ
416 2985 606 3072 δείλ’,
641 2981 693 3071 ἦ
742 2987 824 3070 δὴ
871 2987 1083 3052 πολλὰ
1126 2982 1273 3051 κάκ’
1319 2986 1556 3069 ἄνσχεο
1603 2986 1726 3049 σὸν
1771 2985 1934 3050 κατὰ
1978 2988 2221 3070 θυμόν.

284 3106 423 3174 πῶς
468 3098 655 3178 ἔτλης
699 3091 806 3160 ἐπὶ
849 3102 1013 3176 νῆας
1051 3088 1330 3177 Ἀχαιῶν
1375 3088 1656 3174 ἐλθέμεν
1702 3083 1870 3172 οἶος,

281 3202 526 3287 ἀνδρὸς
584 3200 651 3278 ἐς
703 3198 1127 3285 ὀφθαλμούς,
1185 3198 1259 3275 ὃς
1302 3220 1407 3263 τοι
1455 3195 1697 3274 πολέας
1739 3219 1810 3261 τε
1854 3194 1963 3263 καὶ
2009 3196 2297 3273 ἐσθλοὺς

278 3308 465 3385 υίέας
509 3305 873 3390 ἐξενάριξας
922 3306 1264 3391 σιδήρειόν
1307 3304 1396 3368 νύ
1439 3325 1544 3368 τοι
1584 3298 1763 3388 ἦτορ.
2188 3317 2290 3366 521

259 3411 423 3493 ‚om’
467 3414 586 3496 ἄγε
632 3413 714 3496 δὴ
760 3408 899 3476 κατ’
943 3407 1050 3496 ἄρ’
1094 3409 1237 3488 ἕζευ
1276 3406 1380 3475 ἐπὶ
1418 3410 1709 3492 θρόνου,
1757 3409 1957 3490 ἄλγεα
1995 3401 2055 3471 δ’
2090 3407 2295 3490 ἔμπης

281 3521 355 3587 ἐν
399 3526 597 3606 θυμῷ
645 3522 1074 3582 κατακεῖσθαι
1119 3515 1401 3602 ἐάσομεν
1448 3513 1814 3599 ἀχνύμενοί
1851 3529 2002 3592 περ·
