2525 3884
309 211 444 275 244
1109 212 1409 265 ῙΑΙΔΔΟΣ
1444 210 1512 265 Ω.

312 354 511 440 [μηδέ
548 357 619 420 τί
660 355 731 419 οί
769 354 1062 430 θάνατος
1106 352 1350 439 μελέτω
1397 351 1595 439 φρεσὶ
1639 352 1814 438 μηδέ
1852 376 1915 417 τι
1957 353 2229 438 τάρβος·

309 471 496 526 τοῖον
540 460 665 546 γάρ
713 460 786 526 οἰ
823 460 1088 545 πομπὸν
1133 458 1509 543 ὀπάσσομεν
1555 458 2036 543 ἀργεϊφόντην,

312 566 386 643 ὃς
430 566 597 649 ἄξει,
644 568 794 646 εἵως
835 590 951 632 κεν
996 567 1179 650 ἄγων
1217 560 1464 651 Ἀχιλῆι
1507 566 1819 650 πελάσσῃ.

312 673 520 757 αὐτὰρ
566 672 730 756 έπὴν
775 672 1104 759 ἀγάγῃσιν
1149 675 1278 738 ἔσω
1323 673 1587 755 κλισίην
1636 665 1961 755 Ἀχιλῆος,
2221 686 2329 738 155

313 774 454 844 οὔτ’
497 778 698 856 αὐτὸς
739 777 985 845 κτενέει
1030 777 1159 844 ἀπό
1202 774 1258 843 τ’
1304 778 1570 871 ἄλλους.
1590 777 1841 854 πάντας
1886 776 2126 860 ἐρύξει·

314 885 468 951 οὔτε
510 885 639 971 γάρ
686 879 816 951 ἐστ’
858 884 1095 969 ἄφρων
1134 884 1285 949 οὔτ’
1323 884 1611 962 ἄσκοπος
1656 880 1797 949 οὔτ’
1850 883 2212 969 ἀλιτήμων..

312 989 477 1055 ἀλλὰ
523 986 671 1074 μάλ’
716 988 1043 1065 ἐνδυκέως
1088 988 1309 1055 ἱκέτεω
1355 990 1787 1074 πεφιδήσεται
1832 990 2169 1075 ἀνδρός.]“

401 1091 490 1172 ὥς
534 1092 749 1180 ἔφατ’,
797 1091 969 1181 ὦρτο
1016 1093 1090 1162 δὲ
1125 1086 1284 1182 Ἶρις
1328 1095 1645 1173 ἀελλόπος
1688 1094 2107 1179 ἀγγελέουσα.

314 1193 450 1280 ἷξεν
497 1199 558 1266 δ’
602 1201 668 1278 ές
715 1202 1078 1287 Πριάμοιο,
1122 1205 1305 1287 κίχεν
1352 1198 1412 1267 δ’
1457 1201 1705 1285 ένοπήν
1748 1225 1820 1267 τε
1863 1204 2028 1285 γόον
2070 1222 2169 1267 τε·
2221 1220 2328 1271 160

312 1308 541 1384 παῖδες
584 1304 707 1392 μὲν
751 1304 976 1394 πατέρ’
1019 1305 1186 1393 ἀμφὶ
1232 1309 1604 1393 καθήμενοι
1649 1308 1937 1373 ἔνδοθεν
1983 1307 2189 1391 αὐλῆς

316 1414 637 1499 δάκρυσιν
684 1410 892 1498 εἵματ’
937 1416 1221 1500 ἔφυρον,
1268 1412 1306 1479 ὁ
1344 1411 1405 1479 δ’
1450 1413 1524 1480 έν
1567 1412 1871 1498 μέσσοισι
1913 1415 2178 1500 γεραιὸς

315 1519 596 1596 ἐντυπὰς
639 1518 712 1585 έν
756 1522 990 1604 χλαίνῃ
1035 1517 1549 1604 κεκαλυμμένος·
1600 1518 1770 1604 ἀμφὶ
1816 1517 1891 1586 δὲ
1936 1521 2144 1603 πολλὴ

313 1628 559 1710 κόπρος
602 1627 720 1708 ἔην
765 1628 1017 1708 κεφαλῇ
1061 1646 1131 1690 τε
1174 1622 1287 1690 καὶ
1330 1624 1561 1709 αὐχένι
1602 1635 1746 1691 τοῖο
1789 1623 2133 1711 γέροντος,

312 1734 435 1814 τήν
480 1730 566 1816 ῥα
607 1731 1083 1815 κυλινδόμενος
1125 1732 1540 1815 καταμήσατο
1585 1728 1813 1817 χερσὶν
1858 1730 2062 1816 ἑῇσιν.
2220 1749 2324 1798 105

313 1834 678 1922 θυγατέρες
724 1829 785 1901 δ’
828 1835 955 1901 ἀνὰ
1001 1834 1244 1921 δώματ’
1291 1833 1392 1902 ἰδὲ
1436 1834 1588 1903 νυοὶ
1634 1836 2009 1923 ὠδύροντο,

312 1953 448 2009 τῶν
491 1944 1047 2028 μιμνησκόμεναι,
1094 1945 1165 2007 οἳ
1204 1942 1287 2026 δὴ
1333 1941 1563 2020 πολέες
1605 1965 1675 2008 τε
1719 1941 1829 2008 καὶ
1874 1941 2107 2009 ἐσθλοὶ

313 2046 541 2134 χερσὶν
585 2045 697 2114 ὑπ’
755 2045 1067 2134 Ἀργείων
1111 2046 1303 2114 κέατο
1348 2049 1564 2133 ψυχὰς
1608 2047 1968 2126 ὀλέσαντες.

315 2163 435 2239 στῆ
481 2151 557 2220 δὲ
600 2155 777 2240 παρὰ
822 2157 1131 2240 Πρίαμον
1175 2154 1343 2231 Διὸς
1387 2154 1692 2237 ἄγγελος,
1736 2150 1857 2237 ἠδὲ
1901 2156 2251 2241 προσηύδα
2363 2168 2368 2175 ’

313 2262 565 2327 τυτθὸν
611 2259 1064 2345 φθεγξαμένη·
1109 2262 1229 2326 τὸν
1276 2256 1349 2325 δὲ
1391 2261 1635 2344 τρόμος
1678 2262 1910 2344 ἔλλαβε
1953 2271 2135 2344 γυῖα·
2221 2278 2325 2327 170

314 2366 628 2451 ,,θάρσει,
683 2367 1077 2453 Δαρδανίδη
1135 2369 1425 2451 Πρίαμε,
1479 2367 1711 2451 φρεσί,
1752 2365 1926 2450 μηδέ
1962 2389 2028 2432 τι
2069 2367 2324 2453 τάρβει·

316 2472 398 2538 οὐ
442 2469 565 2556 μὲν
609 2472 734 2556 γάρ
779 2495 881 2538 τοι
928 2472 1057 2556 ἐγὼ
1093 2473 1299 2538 κακὸν
1344 2469 1671 2557 ὀσσομένη
1720 2466 1859 2537 τόδ’
1903 2472 2135 2556 ἱκάνω,

316 2575 457 2642 ἀλλ’
502 2576 724 2661 ἀγαθὰ
766 2577 1172 2663 φρονέουσα·
1220 2577 1389 2654 Διὸς
1433 2577 1508 2642 δέ
1549 2599 1654 2642 τοι
1699 2579 1974 2661 ἄγγελός
2019 2580 2150 2663 εἰμι
2158 2626 2180 2662 ,

317 2683 390 2759 ὃς
434 2699 552 2748 σευ
597 2682 888 2747 ἄνευθεν
934 2681 1062 2748 ἐὼν
1107 2681 1275 2766 μέγα
1318 2682 1584 2766 κήδεται
1627 2678 1736 2765 ἠδ’
1782 2681 2073 2768 ἐλεαίρει.

317 2788 659 2853 λύσασθαί
697 2783 758 2853 σ’
800 2784 1139 2852 ἐκέλευσεν
1180 2782 1526 2872 Ὀλύμπιος
1566 2785 1848 2874 Ἕκτορα
1894 2789 2074 2871 δῖον,
2223 2807 2324 2856 175

320 2894 501 2977 δῶρα
546 2891 608 2959 δ’
666 2891 952 2979 Ἀχιλλῆι
997 2889 1314 2978 φερέμεν,
1359 2892 1440 2957 τά
1481 2915 1555 2958 κε
1599 2896 1824 2978 θυμὸν
1870 2896 2054 2981 ἰήνῃ,

319 2993 494 3081 οἷον,
541 2998 714 3084 μηδέ
751 3021 851 3077 τις
894 3000 1090 3077 ἄλλος
1135 2998 1266 3082 ἅμα
1321 2999 1569 3085 Τρώων
1615 3005 1731 3065 ἴτω
1776 2999 1964 3086 ἀνήρ.

318 3103 521 3190 κῆρύξ
565 3107 665 3182 τίς
706 3127 812 3170 τοι
856 3103 1076 3171 ἕποιτο
1121 3094 1529 3191 γεραίτερος,
1576 3105 1650 3183 ὃς
1695 3103 1757 3169 κ’
1803 3106 2034 3171 ίθύνοι

318 3210 636 3295 ἡμιόνους
677 3208 787 3276 καὶ
831 3210 1083 3295 ἅμαξαν
1128 3210 1475 3296 ἐύτροχον,
1520 3206 1639 3294 ἠδὲ
1674 3208 1784 3277 καὶ
1826 3205 2012 3287 αὖτις

319 3317 559 3401 νεκρὸν
597 3317 749 3399 ἄγοι
782 3315 975 3398 προτὶ
1010 3319 1205 3401 ἄστυ,
1245 3319 1365 3383 τὸν
1404 3319 1629 3382 ἔκτανε
1659 3317 1802 3394 δῖος
1839 3314 2186 3403 Ἀχιλλεύς.
2227 3336 2328 3387 180

325 3421 523 3507 [μηδέ
560 3423 632 3487 τί
658 3445 762 3487 τοι
805 3423 1097 3501 θάνατος
1139 3421 1383 3507 μελέτω
1430 3420 1627 3507 φρεσὶ
1662 3422 1835 3508 μηδέ
1871 3448 1936 3488 τι
1978 3424 2249 3510 τάρβος·

322 3540 502 3606 τοῖος
544 3527 671 3612 γάρ
715 3549 819 3592 τοι
863 3520 1120 3612 πομπὸς
1163 3525 1275 3613 ἅμ’
1328 3528 1552 3607 ἕψεται
1595 3527 2060 3614 ἀργεϊφόντης,
