2525 3884
293 195 423 262 208
1093 201 1396 253 ΙΔΙΑΔΟΣ
1431 201 1498 255 X.

290 342 499 425 αὐτὰρ
546 340 683 409 ἐπεὶ
727 345 986 428 πύργον
1031 366 1101 409 τε
1144 341 1256 408 καὶ
1300 343 1570 430 ἀνδρῶν
1616 335 1755 422 ἷξεν
1800 343 2064 429 ὅμιλον,

292 451 447 531 ἔστη
492 446 866 533 παπτήνασ’
920 447 1026 515 ἐπὶ
1067 451 1298 534 τείχεϊ,
1342 451 1463 516 τὸν
1510 444 1585 515 δὲ
1630 452 1876 532 νόησεν

291 553 647 639 ἑλκόμενον
691 558 994 641 πρόσθεν
1037 558 1298 632 πόλιος·
1341 554 1564 640 ταχέες
1610 553 1690 620 δέ
1729 579 1846 641 μιν
1889 555 2077 620 ἵπποι

292 660 486 727 ἕλκον
531 660 904 744 ἀκηδέστως
945 663 1172 739 κοίλας
1215 658 1324 727 ἐπὶ
1367 671 1532 745 νῆας
1571 657 1865 746 Ἀχαιῶν.
2204 677 2317 728 465

291 768 415 851 τὴν
462 764 536 834 δὲ
579 763 721 834 κατ’
772 768 1144 852 ὀφθαλμῶν
1189 766 1504 853 ἐρεβεννὴ
1550 768 1672 847 νὺξ
1717 767 2075 846 ἐκάλυψεν.

293 875 489 961 ἤριπε
534 871 595 940 δ’
639 874 952 956 ἐξοπίσω,
999 872 1127 939 ἀπὸ
1175 870 1250 939 δὲ
1295 875 1519 959 ψυχὴν
1564 874 1946 940 ἐκάπυσσεν.

292 985 447 1064 τῆλε
493 976 557 1046 δ’
607 980 735 1047 ἀπὸ
779 980 1018 1066 κρατὸς
1062 979 1224 1063 βάλε
1273 979 1561 1065 δέσματα
1605 973 2026 1064 σιγαλόεντα,

295 1087 561 1171 ἄμπυκα
602 1087 1025 1170 κεκρύφαλόν
1068 1108 1141 1150 τε
1188 1082 1290 1151 ἰδὲ
1333 1086 1617 1170 πλεκτὴν
1664 1084 2046 1170 ἀναδέσμην

290 1192 668 1278 κρήδεμνόν
711 1188 816 1277 θ’,
863 1192 901 1258 ὅ
947 1191 1033 1277 ῥά
1078 1191 1150 1259 οἰ
1188 1192 1359 1258 δῶκε
1403 1192 1647 1277 χρυσέη
1690 1187 2043 1277 Ἀφροδίτη
2203 1206 2316 1256 470

292 1299 490 1384 ἤματι
533 1304 648 1386 τῷ,
676 1297 795 1363 ὅτε
837 1322 954 1383 μιν
998 1300 1449 1384 κορυθαίολος
1491 1292 1773 1382 ἠγάγεθ’
1807 1295 2061 1382 Ἕκτωρ

294 1404 367 1470 έκ
412 1405 624 1489 δόμου
655 1398 1036 1488 Ἠετίωνος,
1082 1400 1223 1470 ἐπεὶ
1255 1406 1423 1488 πόρε
1459 1406 1663 1490 μυρία
1708 1403 1886 1469 ἕδνα.

299 1509 469 1597 ἀμφὶ
514 1510 594 1577 δέ
634 1534 749 1596 μιν
793 1513 1014 1598 γαλόῳ
1058 1533 1130 1576 τε
1171 1507 1286 1575 καὶ
1331 1509 1656 1596 εἰνατέρες
1700 1510 1844 1586 ἅλις
1888 1513 2114 1594 ἔσταν,

296 1618 373 1682 αἵ
412 1616 446 1683 ἕ
489 1617 648 1700 μετὰ
693 1618 927 1700 σφίσιν
973 1611 1155 1701 εἶχον
1199 1614 1605 1701 ἀτυζομένην
1650 1615 2035 1682 ἀπολέσθαι.

294 1722 337 1806 ἡ
377 1718 437 1787 δ’
481 1719 622 1787 ἐπεὶ
658 1717 782 1788 οὖν
819 1723 1117 1807 ἄμπνυτο
1155 1721 1265 1788 καὶ
1296 1723 1362 1800 ἐς
1391 1723 1607 1809 φρένα
1633 1724 1852 1807 θυμὸς
1879 1720 2163 1810 ἀγέρθη,
2202 1740 2315 1789 475

293 1827 643 1912 ἀμβλήδην
678 1830 943 1911 γοόωσα
985 1830 1146 1913 μετὰ
1194 1833 1503 1916 Τρωῇσιν
1548 1831 1792 1895 ἔειπεν·

297 1932 594 2021 ,ζἘκτορ,
638 1933 767 2018 ἐγὼ
814 1935 1167 2018 δύστηνος·
1214 1937 1281 2020 ἰῇ
1327 1936 1456 2022 ἄρα
1500 1931 1839 2020 γεινόμεθ’
1891 1941 2044 2021 αἴσῃ

294 2041 681 2127 ἀμφότεροι,
718 2042 805 2106 σὺ
849 2037 971 2125 μὲν
1017 2040 1090 2106 ἐν
1141 2044 1347 2127 Τροίῃ
1398 2040 1708 2125 Πριάμου
1752 2042 1916 2107 κατὰ
1953 2043 2164 2126 δῶμα,

299 2147 507 2230 αὐτὰρ
553 2147 681 2230 ἐγὼ
729 2148 1031 2233 Θήβῃσιν
1075 2146 1203 2212 ὑπὸ
1252 2147 1498 2234 Πλάκῳ
1546 2146 1836 2232 ὑληέσσῃ

298 2253 372 2318 ἐν
418 2254 600 2340 δόμῳ
633 2248 1001 2337 Ἠετίωνος,
1048 2253 1086 2319 ὅ
1108 2248 1198 2337 ·μ’
1249 2255 1483 2338 ἔτρεφε
1526 2254 1782 2319 τυτθὸν
1815 2253 2102 2338 -έοῦσαν,
2202 2269 2314 2319 480

299 2359 634 2445 δύσμορος
676 2361 1067 2444 αἰνόμορον·
1113 2360 1205 2436 ὡς
1248 2361 1338 2444 μὴ
1385 2359 1640 2444 ὤφελλε
1682 2358 2011 2426 τεκέσθαι.

299 2475 426 2531 νῦν
473 2460 547 2530 δὲ
591 2466 678 2529 σὺ
723 2461 844 2547 μὲν
884 2460 1105 2531 Ἀίδαο
1152 2466 1401 2549 δόμους
1433 2465 1575 2530 ’ὑπὸ
1618 2467 1894 2532 κεύθεσι
1928 2469 2122 2550 γαίης

298 2573 547 2656 ἔρχεαι,
594 2569 802 2653 αὐτὰρ
848 2565 960 2654 ἐμὲ
1003 2573 1300 2660 στυγερῷ
1347 2568 1449 2637 ἐνὶ
1490 2569 1732 2638 πένθει·
1770 2576 2015 2651 λείπεις

298 2680 510 2763 χήρην
555 2674 629 2741 ἐν
675 2677 1044 2760 μεγάροισι·
1090 2676 1239 2753 πάις
1287 2672 1348 2741 δ’
1401 2680 1496 2743 ἔτι
1536 2680 1770 2762 νήπιος
1816 2679 2058 2762 αὔτως,

300 2783 380 2847 ὃν
405 2781 680 2866 τέκομεν
715 2781 801 2846 σύ
827 2775 887 2845 τ’
920 2780 1048 2864 ἐγώ
1075 2804 1145 2847 τε
1174 2781 1619 2869 δυσάμμοροι·
1652 2784 1808 2849 οὔτε
1835 2785 1922 2848 σὺ
1956 2784 2167 2871 τούτῳ
2206 2799 2317 2851 485

299 2892 549 2972 ἔσσεαι,
578 2886 847 2974 “Εκτορ,
894 2890 1151 2974 ὄνειαρ,
1199 2885 1339 2954 ἐπεὶ
1380 2889 1616 2972 θάνες,
1663 2890 1815 2955 οὔτε
1860 2888 1970 2956 σοὶ
2015 2885 2222 2966 οὗτος.

299 2997 384 3079 ἥν
427 3017 548 3074 περ
593 2996 721 3079 γὰρ
765 2996 1055 3079 πόλεμόν
1099 3016 1175 3077 γε
1220 2995 1403 3081 φύγῃ
1449 2996 1876 3078 πολύδακρυν
1917 2993 2223 3081 Ἀχαιῶν,

301 3103 437 3167 αἰεί
473 3125 579 3167 τοι
622 3102 835 3189 τούτῳ
880 3124 957 3185 γε
999 3103 1206 3179 πόνος
1248 3097 1361 3166 καὶ
1404 3096 1588 3184 κήδε’
1639 3101 1890 3167 ὀπίσσω

300 3203 590 3273 ἔσσοντ’·
636 3207 825 3270 ἄλλοι
869 3206 994 3292 γάρ
1042 3207 1114 3272 ol
1152 3205 1651 3293 ἀπουρήσουσιν
1696 3207 2002 3294 ἀρούρας.

298 3309 474 3398 ἦμαρ
520 3311 583 3377 δ’
626 3312 995 3399 ὀρφανικὸν
1038 3315 1466 3397 παναφήλικα
1509 3315 1716 3379 παῖδα
1758 3317 2058 3396 τίθησιν·
2210 3330 2319 3381 490

300 3420 515 3485 πάντα
561 3413 628 3484 δ’
679 3418 1134 3502 ὑπεμνήμυκε,
1184 3419 1623 3501 δεδάκρυνται
1660 3416 1734 3486 δὲ
1778 3423 2060 3505 παρειαί.

304 3526 662 3611 δευόμενος
706 3521 787 3588 δέ
823 3519 881 3588 τ’
933 3523 1149 3588 ἄνεισι
1192 3525 1348 3603 πάις
1391 3524 1459 3602 ἐς
1503 3525 1748 3611 πατρὸς
1792 3524 2122 3611 ἑταίρους,
