2525 3884
264 162 352 227 30
1001 163 1304 216 IAIAAoz
1341 163 1403 221 Ξ.

267 305 318 369 ὣ
363 307 586 388 πόποι,
631 301 673 388 ἦ
719 304 803 390 ῥα
844 301 955 369 καὶ
998 306 1187 370 ἄλλοι
1233 304 1622 389 ἐυκνήμιδες
1660 301 1906 390 Ἀχαιοὶ

266 410 341 475 έν
384 417 582 499 θυμῷ
631 412 986 494 βάλλονται
1031 410 1177 495 ἐμοὶ
1221 414 1447 495 χόλον,
1494 412 1583 488 ὥς
1626 432 1748 497 περ
1789 408 2140 497 Ἀχιλλεύς,
2203 431 2291 481 50

267 513 412 582 οὐδ’
466 515 779 582 ἐθέλουσι
822 517 1149 601 μάχεσθαι
1194 514 1300 581 ἐπὶ
1343 525 1681 603 πρυμνῇσι
1725 517 2050 583 νέεσσιν.“

352 623 471 687 τὸν
518 620 579 686 δ’
631 618 914 707 ἠμείβετ’
967 624 1185 687 ἔπειτα
1231 625 1552 707 Γερήνιος
1598 624 1835 689 ἱππότα
1879 623 2192 711 Νέστωρ·

268 722 356 812 ,,ἦ
404 728 486 811 δὴ
532 730 738 793 ταῦτά
781 726 845 812 γ’
900 726 1124 814 ἑτοῖμα
1167 728 1562 812 τετεύχαται,
1611 727 1776 795 οὐδέ
1814 753 1929 795 κεν
1958 731 2193 820 ,ἄλλως

268 836 438 910 Ζεὺς
480 833 918 921 ὑψιβρεμέτης
962 834 1160 911 αὐτὸς
1202 836 1776 920 παρατεκτήναιτο.

265 950 478 1024 τεῖχος
520 936 642 1024 μὲν
686 941 814 1025 γὰρ
859 939 941 1023 δὴ
985 940 1438 1025 κατερήριπεν,
1485 930 1536 1027 ᾧ
1585 938 1943 1025 ἐπέπιθμεν
2203 959 2288 1009 55

268 1046 597 1131 ἄρρηκτον
640 1056 824 1128 νηῶν
866 1068 937 1110 τε
979 1042 1088 1109 καὶ
1132 1044 1354 1110 αὐτῶν
1400 1039 1583 1129 εἶλαρ
1629 1047 1925 1111 ἔσεσθαι·

271 1151 341 1215 οἰ
381 1148 442 1214 δ’
496 1147 601 1217 ἐπὶ
643 1148 843 1234 νηυσὶ
884 1156 1091 1235 θοῇσι
1135 1151 1351 1235 μάχην
1386 1150 1700 1216 ἀλίαστον
1745 1154 2011 1236 ἔχουσιν

270 1254 582 1341 νωλεμές·
628 1252 778 1322 οὐδ’
831 1254 914 1321 ἂν
959 1257 1055 1320 ἔτι
1096 1260 1348 1340 γνοίης,
1395 1257 1569 1341 μάλα
1611 1278 1734 1344 περ
1781 1258 2168 1337 σκοπιάζων,

273 1361 741 1449 ὁπποτέρωθεν
779 1360 1026 1447 Ἀχαιοὶ
1072 1362 1452 1449 ὀρινόμενοι
1494 1361 1907 1429 κλονέονται·

272 1463 361 1545 ὧς
404 1466 618 1553 ἐπιμὶξ
660 1473 1049 1551 κτείνονται,
1094 1468 1258 1552 ἀυτὴ
1306 1463 1369 1532 δ’
1421 1468 1714 1554 οὐρανὸν
1758 1470 1899 1535 ἵκει.
2205 1490 2287 1540 60

274 1575 461 1660 ἡμεῖς
506 1571 581 1639 δὲ
627 1570 1032 1660 φραζώμεθ’,
1079 1574 1254 1650 ὅπως
1300 1576 1481 1639 ἔσται
1524 1574 1681 1640 τάδε
1727 1578 1907 1661 ἔργα,

272 1686 341 1746 εἴ
373 1703 437 1745 τι
481 1682 640 1756 νόος
684 1678 879 1764 ῥέξει·
923 1682 1212 1763 πόλεμον
1258 1673 1321 1743 δ’
1373 1679 1497 1745 οὐκ
1539 1682 1709 1765 ἄμμε
1752 1671 2034 1746 κελεύω’

275 1786 575 1871 δύμεναι·
625 1784 708 1850 οὐ
750 1786 877 1871 γάρ
921 1807 1062 1861 πως
1103 1783 1515 1869 βεβλημένον
1552 1788 1690 1851 ἔστι
1736 1787 2125 1871 μάχεσθαι.“

359 1894 478 1958 τὸν
525 1888 590 1956 δ’
645 1884 800 1955 αὖτε
844 1888 1231 1976 προσέειπεν
1277 1891 1440 1969 ἄναξ
1487 1892 1754 1977 ἀνδρῶν
1794 1889 2241 1978 Ἀγαμέμνων·

278 1997 610 2083 ,,Νέστορ,
658 1993 796 2062 ἐπεὶ
833 1996 916 2078 δὴ
960 1993 1203 2079 νηυσὶν
1248 1998 1354 2060 ἔπι
1396 2007 1735 2084 πρυμνῇσι
1780 1998 2117 2084 μάχονται,
2201 2018 2283 2067 65

272 2116 483 2189 τεῖχος
528 2101 589 2168 δ’
643 2103 766 2169 οὐκ
810 2104 1116 2187 ἔχραισμε
1158 2102 1559 2187 τετυγμένον
1604 2103 1767 2169 οὐδέ
1804 2127 1870 2169 τι
1913 2104 2181 2189 τάφρος,

276 2202 376 2287 οἷς
420 2212 524 2274 ἔπι
567 2206 759 2275 πόλλ’
813 2210 1070 2273 ἔπαθον
1113 2212 1397 2291 Δαναοί,
1446 2212 1721 2277 ἔλποντο
1769 2206 1843 2275 δὲ
1887 2216 2083 2299 θυμῷ

274 2317 604 2403 ἄρρηκτον
648 2325 831 2396 νηῶν
873 2336 944 2378 τε
987 2312 1097 2379 καὶ
1142 2314 1364 2379 αὐτῶν
1409 2309 1590 2400 εἶλαρ
1636 2317 1929 2399 ἔσεσθαι,

276 2422 449 2488 οὕτω
493 2441 625 2485 που
668 2416 788 2485 Διὶ
832 2417 1051 2503 μέλλει
1094 2418 1445 2506 ὑπερμενέι
1489 2412 1691 2505 φίλον
1737 2416 1928 2504 εἶναι,

277 2527 700 2629 [νωνύμνους
725 2524 1090 2591 ἀπολέσθαι
1118 2522 1231 2590 ἀπ’
1248 2525 1525 2611 ’Ἁργεος
1561 2524 1793 2592 ἐνθάδ’
1823 2524 2163 2612 Ἀχαιούς]
2205 2546 2279 2596 70

274 2633 441 2721 ᾔδεα
476 2629 597 2717 μὲν
640 2633 789 2717 γάρ,
837 2631 943 2696 ὅτε
986 2633 1310 2716 πρόφρων
1354 2636 1728 2698 Δαναοῖσιν
1772 2634 2044 2717 ἄμυνεν,

278 2734 429 2806 οἶδα
475 2736 549 2804 δὲ
593 2746 743 2820 νῦν,
794 2737 893 2802 ὅτι
935 2738 1092 2813 τοὺς
1135 2733 1257 2820 μὲν
1302 2735 1480 2821 ὁμῶς
1522 2738 1880 2824 μακάρεσσι
1922 2726 2185 2804 θεοῖσιν

275 2847 570 2928 κυδάνει,
616 2842 951 2929 ἡμέτερον.
971 2840 1046 2908 δὲ
1090 2841 1289 2927 μένος
1330 2840 1440 2909 καὶ
1484 2854 1704 2928 χεῖρας
1748 2845 1999 2927 ἔδησεν.

278 2949 420 3018 ἀλλ’
472 2946 690 3035 ἄγεθ’,
736 2949 824 3026 ὡς
869 2947 952 3014 ἂν
996 2948 1125 3033 ἐγὼ
1171 2953 1353 3031 εἴπω,
1398 2949 1789 3032 πειθώμεθα
1833 2949 2085 3027 πάντες.

275 3066 429 3143 νῆες
475 3057 624 3122 ὅσαι
667 3066 918 3141 πρῶται
962 3055 1258 3140 εἰρύαται
1302 3055 1453 3138 ἄγχι
1488 3055 1850 3138 θαλάσσης,
2205 3072 2276 3122 ⁷5

278 3163 590 3248 ἕλκωμεν,
635 3161 847 3238 πάσας
890 3157 965 3225 δὲ
1010 3160 1376 3246 ἐρύσσομεν
1422 3161 1515 3237 εἰς
1560 3161 1685 3226 ἄλα
1730 3162 1904 3244 δῖαν,

277 3270 400 3349 ὕψι
446 3265 507 3334 δ’
561 3264 663 3334 ἐπ’
718 3266 975 3333 εὐνάων
1021 3266 1445 3352 ὁρμίσσομεν,
1492 3267 1585 3342 εἰς
1630 3267 1668 3331 ὅ
1710 3289 1826 3332 κεν
1870 3268 2035 3353 ἔλθῃ

277 3374 400 3454 νὺξ
446 3374 714 3461 ἀβρότη,
759 3372 846 3456 ἣν
889 3370 1001 3437 καὶ
1044 3380 1124 3457 τῇ
1171 3372 1585 3456 ἀπόσχωνται
1629 3371 1941 3456 πολέμοιο

285 3486 534 3569 Τρῶες·
580 3482 800 3546 ἔπειτα
846 3478 925 3545 δέ
961 3503 1078 3545 κεν
1126 3479 1534 3564 ἐρυσαίμεθα
1579 3486 1741 3561 νῆας
1786 3477 2053 3552 ἁπάσας.
