2525 3884
329 190 458 253 124
1123 188 1428 241 ΙΔΙΔΔΟΣ
1464 187 1527 241 Σ.

323 334 656 416 Κυμοθόη
700 355 772 397 τε
817 330 928 398 καὶ
967 326 1226 414 Ἀκταίη
1272 327 1383 395 καὶ
1427 328 1807 414 Λιμνώρεια
2075 417 2079 423 Ι

324 434 436 502 καὶ
480 440 738 520 Μελίτη
784 434 894 501 καὶ
922 435 1142 522 Ἴαιρα
1184 433 1297 501 καὶ
1335 429 1666 519 Ἀμφιθόη
1712 429 1821 498 καὶ
1858 429 2130 521 Ἀγαυή,
2227 425 2231 429 ⁴

286 543 541 607 »Δωτώ
586 564 656 606 τε
702 543 959 624 Πρωτώ
1004 564 1074 606 τε
1126 541 1435 627 Φέρουσά
1477 562 1548 604 τε
1592 536 1953 622 Δυναμένη
1998 559 2100 619 τε,

326 645 672 731 Δεξαμένη
717 670 788 712 τε
832 644 944 713 καὶ
981 644 1354 732 Ἀμφινόμη
1398 644 1508 711 καὶ
1544 645 2016 731 Καλλιάνειρα,
2465 702 2466 709 ,

328 750 556 837 Δωρὶς
598 750 708 816 καὶ
756 756 1036 836 Πανόπη
1082 749 1195 819 καὶ
1239 752 1585 836 ἀγακλειτὴ
1633 751 1982 832 Γαλάτεια,
2282 761 2362 811 45.
2467 826 2468 831 η

339 860 682 944 Νημερτής
724 880 794 923 τε
838 856 948 923 καὶ
987 855 1311 942 Ἀψευδὴς
1353 853 1464 922 καὶ
1506 856 2003 921 Καλλιάνασσα·

331 965 503 1029 ἔνθα
550 960 610 1027 δ’
655 964 773 1046 ἔην
818 962 1132 1047 Κλυμένη
1172 959 1456 1047 Ἰάνειρά
1498 984 1570 1026 τε
1612 958 1722 1026 καὶ
1761 959 2098 1042 Ἰάνασσα,

330 1071 565 1153 Μαῖρα
608 1066 718 1133 καὶ
757 1066 1103 1154 Ὠρείθυια
1149 1067 1557 1151 ἐυπλόκαμός
1599 1065 1656 1131 τ’
1700 1065 2048 1150 Ἀμάθεια,

331 1176 524 1239 ἄλλαι
568 1168 669 1257 θ’,
716 1177 792 1239 αἳ
828 1176 993 1239 κατὰ
1037 1173 1286 1258 βένθος
1331 1173 1487 1250 ἁλὸς
1531 1173 1868 1259 Νηρηίδες
1910 1167 2127 1255 ἦσαν.]

329 1289 466 1344 τῶν
506 1275 579 1344 δὲ
614 1277 725 1344 καὶ
761 1279 1104 1366 ἀργύφεον
1140 1285 1348 1363 πλῆτο
1386 1279 1607 1357 σπέος·
1654 1280 1729 1344 αἱ
1769 1276 1830 1344 δ’
1874 1279 2008 1362 ἅμα
2041 1286 2248 1343 πᾶσαι
2278 1291 2351 1341 50
2473 1260 2474 1299 ¹

333 1385 586 1466 στήθεα
628 1388 1080 1469 πεπλήγοντο,
1128 1385 1317 1463 Θέτις
1364 1383 1424 1451 δ’
1468 1384 1694 1470 ἐξῆρχε
1737 1386 1953 1468 γόοιο·

333 1494 603 1573 ,,κλῦτε,
648 1493 1038 1573 κασίγνηται
1083 1492 1452 1575 Νηρηίδες,
1499 1488 1653 1576 ὄφρ’
1699 1490 1774 1555 ἐὺ
1822 1498 2026 1555 πᾶσαι

334 1590 526 1660 εἴδετ’
569 1595 963 1677 ἀκούουσαι,
1011 1594 1110 1661 ὅσ’
1157 1596 1290 1684 ε’μῷ
1338 1599 1439 1662 ἔνι
1482 1597 1685 1680 κήδεα
1728 1602 1945 1684 θυμῷ.

335 1702 387 1765 ὥ
433 1723 545 1785 μοι
591 1700 718 1784 ἐγὼ
767 1702 981 1784 δειλή,
1029 1703 1080 1765 ὥ
1128 1724 1242 1785 μοι
1294 1703 1901 1788 δυσαριστοτόκεια,
2479 1760 2480 1789 ¹

333 1808 376 1890 ἥ
420 1802 482 1871 τ’
526 1803 665 1871 ἐπεὶ
711 1804 794 1892 ἂρ
839 1805 1032 1871 τέκον
1079 1808 1235 1872 υἱὸν
1282 1807 1589 1892 ἀμύμονά
1632 1830 1703 1872 τε
1746 1808 2067 1890 κρατερόν
2109 1829 2210 1889 τε,
2276 1791 2350 1871 5ο
2479 1828 2480 1839 ’

336 1911 565 1997 ἔξοχον
609 1911 874 1998 ἡρώων·
921 1911 957 1977 ὁ
1006 1909 1068 1976 δ’
1111 1911 1483 1998 ἀνέδραμεν
1528 1916 1710 2000 ἔρνεϊ
1752 1908 1923 1990 ἶσος·
2481 1926 2482 2003 1

333 2021 454 2084 τὸν
500 2015 622 2103 μὲν
667 2017 796 2100 ἐγὼ
842 2017 1183 2101 θρέψασα,
1234 2020 1450 2103 φυτὸν
1496 2019 1585 2097 ὣς
1627 2027 1850 2108 γουνῷ
1897 2018 2140 2103 ἀλωῆς,
2481 2028 2482 2033 ’

334 2123 578 2207 νηυσὶν
624 2123 1020 2210 ἐπιπροέηκα
1064 2128 1427 2209 κορωνίσιν
1452 2123 1664 2190 Ἴλιον
1710 2130 1866 2190 εἴσω

344 2228 564 2316 Τρωσὶ
609 2232 1101 2314 μαχησόμενον,
1145 2232 1264 2295 τὸν
1312 2226 1374 2294 δ’
1419 2230 1540 2314 οὐχ
1584 2229 1986 2314 ὑποδέξομαι
2030 2225 2215 2307 αὖτις

339 2337 563 2401 οἴκαδε
607 2339 1020 2420 νοστήσαντα
1067 2337 1277 2420 δόμον
1322 2338 1628 2419 Πηλήιον
1673 2342 1847 2401 εἴσω.
2281 2351 2345 2402 60

341 2444 519 2526 ὄφρα
567 2438 646 2505 δέ
677 2464 791 2527 μοι
839 2442 984 2519 ζώει
1027 2440 1135 2506 καὶ
1183 2441 1309 2528 ὁρᾷ
1355 2443 1526 2527 φάος
1568 2443 1848 2526 ἠελίοιο,

341 2548 645 2631 ἄχνυται,
695 2545 859 2612 οὐδέ
898 2550 969 2611 τί
1009 2549 1080 2611 οἱ
1121 2549 1412 2632 δύναμαι
1457 2556 1854 2633 χραισμῆσαι
1899 2549 2109 2613 ίοῦσα.
2271 2635 2275 2639 .

339 2650 481 2717 ἀλλ’
526 2646 682 2735 εἶμ’,
729 2654 908 2737 ὄφρα
956 2653 1154 2737 ἴδωμι
1197 2656 1402 2737 φίλον
1445 2652 1660 2736 τέκος,
1704 2649 1811 2736 ἠδ’
1854 2653 2229 2739 ἐπακούσω,

341 2759 479 2824 ὅττι
523 2782 639 2842 μιν
684 2757 859 2823 ἵκετο
905 2757 1156 2835 πένθος
1200 2759 1328 2824 ἀπὸ
1374 2759 1724 2843 πτολέμοιο
1770 2759 2119 2844 μένοντα.“

429 2858 518 2940 ὧς
563 2865 690 2950 ἄρα
735 2867 1103 2949 φωνήσασα
1148 2868 1294 2930 λίπε
1332 2864 1553 2943 σπέος·
1599 2866 1674 2930 αἱ
1714 2863 1789 2930 δὲ
1833 2868 1961 2932 σὺν
2006 2866 2172 2950 αὐτῇ
2282 2879 2350 2932 65

343 2971 784 3053 δακρυόεσσαι
831 2976 1014 3054 ἴσαν,
1059 2968 1211 3057 περὶ
1257 2970 1338 3036 δέ
1377 2986 1570 3056 σφισι
1612 2980 1787 3056 κῦμα
1834 2972 2175 3056 θαλάσσης

343 3074 651 3161 ῥήγνυτο.
740 3074 850 3141 ταὶ
895 3074 959 3140 δ’
1001 3077 1109 3142 ὅτε
1157 3077 1238 3159 δὴ
1294 3080 1542 3161 Τροίην
1587 3076 1909 3161 ἐρίβωλον
1954 3079 2208 3162 ἵκοντο,

342 3180 545 3264 ἀκτὴν
592 3179 1052 3275 εἰσανέβαινον
1099 3181 1450 3268 ἐπισχερώ,
1497 3185 1668 3248 ἔνθα
1713 3181 1987 3268 θαμειαὶ

341 3287 804 3373 Μυρμιδόνων
850 3293 1114 3373 εἴρυντο
1160 3287 1307 3365 νέες
1348 3290 1556 3373 ταχὺν
1601 3283 1765 3373 ἀμφ’
1809 3285 2088 3374 Ἀχιλῆα.

340 3402 432 3484 τῷ
482 3389 555 3459 δὲ
600 3394 773 3479 βαρὺ
822 3395 1204 3479 στενάχοντι
1247 3397 1607 3479 παρίστατο
1653 3397 1887 3460 πότνια
1931 3398 2184 3482 μήτηρ,
2286 3412 2350 3464 ’10

343 3501 461 3580 ὀξὺ
509 3497 582 3565 δὲ
626 3500 980 3566 κωκύσασα
1023 3500 1190 3586 κάρη
1236 3500 1396 3585 λάβε
1438 3501 1677 3578 παιδὸς
1720 3499 1887 3585 ἑοῖο,
