2525 3884
1064 204 1363 256 ῑΛΙΑΔοΣ
1398 205 1594 260 XXIV.
2206 201 2336 287 253

328 348 505 431 ὄφρα
548 369 664 411 κεν
709 346 776 423 ἐς
817 348 1080 430 κλισίην
1127 345 1523 429 Πηληιάδεω
1570 344 1970 431 ἀφίκωμαι.“

230 531 238 542 .
361 471 367 478 ·
413 453 531 519 τὸν
576 449 637 518 δ’
689 447 844 518 αὖτε
888 446 1233 538 προσέειπε
1280 452 1624 538 διάκτορος
1669 452 2130 538 ἀργεϊφόντης·

327 566 566 645 ,,πειρᾷ
610 558 818 642 ἐμεῖο,
862 555 1113 645 γεραιέ,
1159 556 1511 644 νεωτέρου,
1558 557 1722 624 οὐδέ
1762 581 1842 643 με
1885 563 2159 642 πείσεις,

329 665 402 741 ὅς
444 688 523 750 με
568 663 786 730 κέλεαι
832 663 946 730 σέο
997 665 1180 751 δῶρα
1226 662 1430 749 παρὲξ
1468 662 1735 749 Ἀχιλῆα
1782 664 2112 750 δέχεσθαι.

327 772 447 836 τὸν
490 767 613 854 μὲν
659 770 785 853 ἐγὼ
833 764 1128 836 δείδοικα
1172 769 1283 857 καὶ
1327 770 1633 855 αἰδέομαι
1675 770 1827 857 περὶ
1872 780 2025 857 κῆρι
2236 785 2340 835 435

328 878 663 959 συλεύειν,
710 879 798 962 μή
844 880 964 960 μοί
1000 899 1067 941 τι
1109 879 1313 942 κακὸν
1358 879 1717 962 μετόπισθε
1762 873 2050 960 γένηται.

197 981 203 983 “
329 980 437 1048 σοὶ
491 975 553 1047 δ’
600 979 686 1047 ἂν
731 981 859 1066 ἐγὼ
904 984 1162 1066 πομπὸς
1210 986 1333 1048 καί
1374 1006 1446 1048 κε
1494 984 1741 1049 κλυτὸν
1770 983 2011 1068 ’Ἀργος
2055 981 2339 1066 ἱκοίμην,

331 1087 655 1165 ἐνδυκέως
699 1087 775 1153 ἐν
816 1086 932 1171 νηὶ
975 1080 1110 1172 θοῇ
1155 1087 1198 1172 ἢ
1241 1089 1430 1167 πεζὸς
1473 1088 1839 1174 ὁμαρτέων·

332 1195 455 1259 οὐκ
497 1195 583 1260 ἄν
625 1196 727 1270 τίς
768 1216 873 1258 τοι
908 1196 1172 1278 πομπὸν
1219 1194 1667 1278 ὀνοσσάμενος
1711 1194 2130 1279 μαχέσαιτο.“

416 1296 457 1383 ἦ
502 1299 613 1385 καὶ
658 1298 928 1378 ἀναΐξας
973 1298 1304 1385 ἐριούνιος
1348 1300 1526 1384 ἅρμα
1569 1297 1680 1364 καὶ
1725 1300 1966 1376 ἵππους
2238 1315 2342 1367 446

190 1450 196 1455 -
330 1410 749 1493 καρπαλίμως
793 1405 1073 1490 μάστιγα
1118 1403 1227 1470 καὶ
1272 1404 1426 1488 ἡνία
1471 1405 1695 1483 λάζετο
1742 1409 1999 1490 χερσίν,

331 1511 405 1577 ἐν
451 1507 513 1578 δ’
566 1509 824 1577 ἔπνευσ’
879 1512 1135 1577 ἵπποισι
1177 1509 1289 1577 καὶ
1332 1511 1633 1596 ἡμιόνοις
1675 1510 1873 1596 μένος
1915 1511 2020 1594 ἠύ.

331 1615 478 1683 ἀλλ’
529 1619 637 1685 ὅτε
684 1619 767 1702 δὴ
811 1618 1109 1704 πύργους
1149 1640 1221 1684 τε
1268 1629 1441 1683 νεῶν
1486 1615 1596 1683 καὶ
1637 1618 1901 1703 τάφρον
1945 1618 2198 1701 ἵκοντο,

332 1724 403 1789 οἰ
443 1721 517 1790 δὲ
561 1724 719 1790 νέον
763 1722 914 1810 περὶ
964 1726 1179 1810 δόρπα
1224 1729 1636 1810 φυλακτῆρες
1678 1724 2030 1791 πονέοντο·

331 1840 503 1896 τοῖσι
549 1826 611 1895 δ’
663 1826 769 1915 ἐφ’
820 1830 1040 1895 ὕπνον
1086 1833 1266 1914 ἔχευε
1304 1831 1652 1915 διάκτορος
1697 1831 2136 1916 ἀργεϊφόντης
2242 1848 2346 1897 445

329 1946 555 2020 πᾶσιν,
600 1938 782 2023 ἄφαρ
830 1933 892 2002 δ’
946 1934 1094 2014 ὤιξε
1137 1937 1348 2014 πύλας
1391 1935 1502 2002 καὶ
1550 1937 1813 2002 ἀπῶσεν
1860 1937 2087 2022 ὀχῆας,

333 2042 399 2120 ἐς
445 2037 512 2109 δ’
561 2043 764 2126 ἄγαγε
810 2045 1120 2130 Πρίαμόν
1164 2067 1235 2110 τε
1281 2041 1389 2108 καὶ
1437 2043 1648 2127 ἀγλαὰ
1695 2039 1857 2128 δῶρ’
1917 2040 2020 2108 ἐπ’
2074 2043 2343 2127 ἀπήνης.

331 2147 472 2214 ἀλλ’
528 2149 634 2214 ὅτε
680 2149 761 2233 δὴ
808 2155 1069 2232 κλισίην
1117 2149 1515 2233 Πηληιάδεω
1562 2149 1886 2234 ἀφίκοντο

330 2255 623 2338 ὑψηλήν,
669 2256 792 2339 τὴν
837 2257 1272 2340 Μυρμιδόνες
1313 2259 1602 2338 ποίησαν
1648 2255 1883 2320 ἄνακτι

334 2355 522 2446 δοῦρ’
574 2360 801 2443 ἐλάτης
844 2359 1218 2445 κέρσαντες·
1266 2360 1429 2445 ἀτὰρ
1474 2361 1908 2446 καθύπερθεν
1954 2364 2198 2447 ἔρεψαν
2242 2380 2347 2428 450

332 2461 673 2553 λαχνήεντ’
724 2468 980 2551 ὄροφον
1025 2468 1439 2552 λειμωνόθεν
1484 2466 1877 2552 ἀμήσαντες·

332 2567 502 2658 ἀμφὶ
548 2569 628 2637 δέ
667 2572 739 2638 οἰ
776 2573 1067 2657 μεγάλην
1111 2572 1323 2656 αὐλὴν
1366 2575 1653 2656 ποίησαν
1697 2575 1933 2640 ἄνακτι

337 2688 725 2764 σταυροῖσιν
769 2688 1137 2744 πυκινοῖσι·
1180 2680 1408 2765 θύρην
1455 2673 1516 2745 δ’
1568 2682 1673 2764 ἔχε
1717 2689 1967 2764 μοῦνος
2014 2679 2280 2764 ἐπιβλὴς

333 2784 686 2867 εἰλάτινος,
730 2784 850 2849 τὸν
892 2794 1068 2866 τρεῖς
1111 2781 1233 2869 μὲν
1281 2784 1798 2871 ἐπιρρήσσεσκον
1838 2781 2116 2871 Ἀχαιοί,

24 2896 31 2905 “
100 2886 127 2984 ἰ
196 2948 205 2952 ,
332 2900 505 2973 τρεῖς
545 2883 615 2967 ,δ’
665 2889 1099 2979 ἀναοίγεσκον
1144 2892 1435 2975 μεγάλην
1480 2892 1717 2973 κληῖδα
1760 2894 2073 2976 θυράων,
2244 2909 2349 2959 455

335 3005 469 3059 τῶν
514 2995 761 3077 ἄλλων·
801 2992 1092 3080 Ἀχιλεὺς
1138 2992 1198 3061 δ’
1251 2993 1358 3080 ἄρ’
1413 2995 1884 3080 ἐπιρρήσσεσκε
1928 2996 2037 3063 καὶ
2082 2992 2253 3075 οἷος·

336 3101 419 3183 δή
466 3098 550 3184 ῥα
593 3099 743 3167 τόθ’
786 3097 1088 3186 Ἑρμείας
1133 3101 1463 3188 ἐριούνιος
1508 3093 1631 3190 ᾦξε
1674 3100 1971 3190 γέροντι,

335 3204 402 3281 ἐς
449 3199 511 3268 δ’
562 3206 785 3302 ἄγαγε·
806 3207 1012 3272 κλυτὰ
1058 3208 1240 3292 δῶρα
1284 3207 1575 3274 ποδώκει·
1615 3212 1979 3292 Πηλεΐωνι,

337 3310 403 3390 ἐξ
450 3310 669 3375 ἵππων
714 3307 777 3377 δ’
829 3312 1183 3397 ἀπέβαινεν
1229 3311 1333 3380 ἐπὶ
1379 3317 1597 3399 χθόνα
1643 3315 1956 3401 φώνησέν
1998 3334 2093 3380 τε·

207 3404 223 3432 ¹
337 3412 435 3499 ,,ὦ
480 3415 715 3503 γέρον,
758 3414 800 3502 ἦ
846 3442 950 3484 τοι
995 3418 1123 3502 ἐγὼ
1168 3421 1330 3497 θεὸς
1374 3422 1703 3507 ἄμβροτος
1747 3423 2136 3504 εἰλήλουθα,
2245 3436 2350 3485 460

325 3520 652 3610 Ἑρμείας·
699 3522 807 3587 σοὶ
850 3524 976 3606 γάρ
1022 3547 1102 3607 με
1147 3528 1361 3611 πατὴρ
1407 3527 1539 3611 ἄμα
1583 3525 1849 3609 πομπὸν
1893 3525 2198 3588 ὄπασσεν.
2359 3512 2364 3519 ’
