2525 3884
1021 196 1326 248 ῙΔΙΑΔΟΣ
1359 197 1529 248 XVII.
2142 195 2176 258 1
2187 194 2220 256 1
2230 193 2265 256 Ἰ

252 343 341 423 βῆ
390 336 475 404 δὲ
520 339 632 403 διὰ
672 338 1030 425 προμάχων
1074 336 1562 424 κεκορυθμένος
1607 343 1842 404 αἴθοπι
1884 343 2121 427 χαλκῷ.

250 443 369 512 καὶ
415 441 558 510 τότ’
599 446 724 531 ἄρα
771 445 1111 530 Κρονίδης
1154 438 1318 511 ἕλετ’
1368 445 1594 528 αἰγίδα
1633 446 2102 510 θυσανόεσσαν

251 548 682 637 μαρμαρέην,
710 549 905 633 Ἴδην
950 548 1023 618 δὲ
1065 552 1229 617 κατὰ
1274 549 1585 635 νεφέεσσι
1630 550 1953 635 κάλυψεν,

252 658 602 743 ἀστράψας
646 653 721 724 δὲ
766 657 938 742 μάλα
982 651 1209 742 μεγάλ’
1249 661 1513 740 ἔκτυπε,
1558 658 1681 741 τὴν
1727 655 1801 723 δὲ
1844 654 2133 736 τίναξεν,
2164 670 2268 722 695

252 766 464 848 νίκην
509 764 601 830 δὲ·
633 765 932 850 Τρώεσσι
976 765 1199 847 δίδου,
1246 757 1539 850 ἐφόβησε
1585 760 1646 828 δ’
1693 757 2007 849 Ἀχαιούς.

350 881 612 956 πρῶτος
654 868 1006 954 Πηνέλεως
1047 870 1369 948 Βοιώτιος
1409 865 1569 957 ἦρχε
1614 872 1876 955 φόβοιο.

250 980 469 1061 βλῆτο
513 976 639 1063 γὰρ
685 966 871 1060 οἶμον
915 977 1140 1061 δουρί,
1185 979 1411 1061 πρόσω
1456 974 1895 1062 τετραμμένος
1939 976 2099 1058 αίεί,

251 1084 475 1167 ἄκρον
521 1080 890 1165 ἐπιλίγδην·
932 1083 1189 1169 γράψεν
1235 1080 1316 1149 δέ
1356 1081 1428 1148 οῖ
1467 1081 1697 1149 ὀστέον
1742 1083 1929 1167 ἄχρις

252 1189 465 1274 αἰχμὴ
493 1189 1084 1274 Πουλυδάμαντος·
1112 1188 1147 1254 ὁ
1165 1189 1293 1274 γάρ
1314 1183 1376 1274 ῥ’
1403 1191 1594 1272 ἔβαλε
1622 1189 1861 1274 σχεδὸν
1890 1187 2128 1254 ἐλθών.
2167 1202 2271 1253 600

252 1297 522 1378 Λήιτον
575 1289 734 1359 αὖθ’
778 1292 1030 1381 Ἕκτωρ
1086 1295 1327 1380 σχεδὸν
1374 1294 1614 1359 οὔτασε
1658 1290 1819 1378 χεῖρ’
1865 1292 1969 1358 ἐπὶ
2012 1300 2271 1380 καρπῷ,

253 1402 424 1465 υἱὸν
460 1394 920 1485 Ἀλεκτρυόνος
964 1402 1389 1486 μεγαθύμου,
1435 1407 1647 1466 παῦσε
1692 1396 1767 1466 δὲ
1809 1399 2084 1485 χάρμης·

255 1504 501 1593 τρέσσε
546 1503 620 1573 δὲ
660 1509 1030 1591 παπτήνας,
1078 1503 1218 1572 ἐπεὶ
1307 1503 1529 1572 οὐκέτι
1573 1508 1799 1571 ἔλπετο
1843 1511 2042 1594 θυμῷ

261 1616 462 1697 ἔγχος
506 1615 672 1698 ἔχων
717 1613 791 1679 ἐν
833 1610 1004 1700 χειρὶ
1049 1614 1465 1699 μαχήσεσθαι
1515 1613 1880 1699 Τρώεσσιν..

242 1718 537 1804 Ἕκτορα
581 1712 644 1785 δ’
687 1715 1058 1804 Ἰδομενεὺς
1101 1720 1260 1803 μετὰ
1302 1720 1556 1803 Λήιτον
1601 1715 1980 1804 ὁρμηθέντα
2171 1731 2274 1784 605

264 1827 574 1910 βεβλήκει
614 1825 892 1911 θώρηκα
933 1825 1100 1890 κατὰ
1142 1831 1389 1910 στῆθος
1431 1827 1609 1913 παρὰ
1652 1827 1883 1910 μαζόν·

267 1933 347 1997 ἐν
391 1935 610 2019 καυλῷ
659 1928 722 1996 δ’
776 1929 933 2014 ἐάγη
982 1931 1255 2015 δολιχὸν
1300 1932 1499 2018 δόρυ,
1544 1929 1650 1997 τοὶ
1695 1928 1770 1996 δὲ
1815 1930 2069 2014 βόησαν

272 2041 513 2122 Τρῶες.
592 2036 629 2103 ὁ
677 2032 740 2101 δ’
783 2030 1158 2121 Ἰδομενῆος
1202 2035 1503 2104 ἀκόντισε
1546 2036 1966 2102 Δευκαλίδαο

252 2143 490 2231 ,δίφρῳ
536 2139 952 2226 ἐφεσταότος·
995 2150 1117 2206 τοῦ
1161 2138 1285 2226 μέν
1330 2139 1392 2227 ῤ’
1446 2141 1572 2207 ἀπὸ
1618 2142 1869 2207 τυτθὸν
1914 2140 2230 2226 ἅμαρτεν,

265 2230 479 2331 αὐτὰρ
524 2245 562 2313 ὁ
604 2248 960 2335 Μηριόναο
1004 2246 1259 2313 ὀπάονά
1303 2244 1378 2312 θ’
1428 2246 1701 2330 ἡνίοχόν
1751 2269 1853 2330 τε,
2171 2263 2273 2313 610

262 2355 643 2436 Κοίρανον,
689 2353 764 2429 ὅς
807 2349 868 2438 ῤ’
914 2353 986 2419 ἐκ
1027 2354 1298 2419 Λύκτου
1343 2350 1724 2436 ἐυκτιμένης
1766 2347 1938 2419 ἕπετ’
1981 2352 2158 2442 αὐτῷ
2187 2388 2275 2400 -

264 2459 461 2538 πεζὸς
501 2459 630 2545 γὰρ
673 2459 755 2524 τὰ
798 2469 1023 2543 πρῶτα
1067 2459 1280 2524 λιπὼν
1325 2456 1480 2535 νέας
1525 2458 1960 2543 ἀμφιελίσσας

263 2567 516 2650 ἤλυθε,
558 2566 676 2630 καί
710 2586 785 2630 κε
829 2561 1049 2649 Τρωσὶ
1092 2562 1257 2648 μέγα
1302 2564 1539 2651 κράτος
1583 2564 1995 2650 ἐγγυάλιξεν,

266 2674 338 2738 εί
376 2671 464 2757 μὴ
509 2672 845 2756 Κοίρανος
889 2665 1025 2735 ὦκα
1068 2671 1408 2748 ποδώκεας
1449 2673 1695 2755 ἤλασεν
1740 2671 2005 2748 ἵππους·

265 2775 382 2843 καὶ
423 2783 515 2865 τῷ
561 2773 685 2861 μὲν
731 2776 901 2860 φάος
943 2771 1183 2859 ἦλθεν,
1231 2777 1441 2861 ἄμυνε
1488 2774 1562 2843 δὲ
1605 2772 1833 2862 νηλεὲς
1874 2771 2080 2861 ἦμαρ,
2172 2790 2275 2842 615

268 2883 470 2962 αὐτὸς
515 2878 583 2947 δ’
625 2881 829 2947 ὤλεσε
872 2883 1097 2967 θυμὸν
1141 2879 1260 2966 ὑφ’
1297 2880 1610 2968 Ἕκτορος
1653 2881 2107 2966 ἀνδροφόνοιο
2149 2917 2225 2929 -

263 2991 389 3061 τὸν
433 2984 580 3073 βάλ’
623 2985 754 3053 ὑπὸ
797 2993 1130 3073 γναθμοῖο
1171 2985 1283 3052 καὶ
1319 2986 1586 3069 οὔατος,
1634 2985 1705 3052 ἐκ
1742 2984 1803 3051 δ’
1848 2984 1953 3073 ἄρ’
1997 2987 2276 3064 ὀδόντας

268 3091 403 3160 ὦσε
447 3093 617 3179 δόρυ
657 3095 993 3177 πρυμνόν,
1041 3093 1153 3157 διὰ
1198 3089 1273 3157 δὲ
1316 3097 1624 3176 γλῶσσαν
1667 3092 1829 3178 τάμε
1873 3092 2142 3179 μέσσην.

263 3201 463 3286 ἤριπε
509 3194 572 3265 δ’
626 3197 693 3278 ἐξ
737 3198 974 3284 ὀχέων,
1020 3199 1184 3263 κατὰ
1229 3193 1291 3263 δ’
1332 3197 1488 3281 ἡνία
1532 3205 1726 3282 χεῦεν
1772 3200 1972 3283 ἔραζε.

267 3302 379 3371 καὶ
421 3303 505 3369 τά
546 3325 624 3387 γε
667 3306 1019 3389 Μηριόνης
1063 3305 1299 3386 ἔλαβεν
1342 3306 1631 3389 χείρεσσι
1675 3307 1949 3390 φίλῃσιν
2171 3320 2275 3369 620

266 3410 485 3489 κύψας
530 3408 602 3475 ἐκ
644 3400 934 3491 πεδίοιο,
979 3407 1091 3474 καὶ
1128 3406 1473 3494 Ἰδομενῆα
1516 3409 1888 3494 προσηύδα·

267 3516 545 3602 ,,μάστιε
587 3524 746 3598 νῦν,
794 3514 943 3592 εἵως
985 3536 1060 3579 κε
1102 3516 1277 3590 θοὰς
1321 3510 1427 3580 ἐπὶ
1468 3521 1634 3595 νῆας
1678 3513 1883 3593 ἵκηαι·
