2525 3884
290 188 415 255 102
1087 190 1389 243 ΙΜΑΔΟΣ
1424 191 1482 243 Ρ.

287 335 403 399 τὸν
450 331 525 399 δὲ
568 331 770 398 νέκυν
821 329 1124 421 Τρῷῃσιν
1169 331 1613 418 ἐρυσσάμενος
1655 330 1809 398 κυσὶ
1855 334 2028 415 δοίη·

287 445 453 516 Αἶας
496 436 561 503 δ’
606 438 895 522 ἐγγύθεν
938 434 1106 521 ἦλθε
1153 437 1380 523 φέρων
1426 438 1625 516 σάκος
1666 437 1823 521 ἠύτε
1867 439 2145 523 πύργον.

277 530 520 628 Ἕκτωρ
568 541 629 608 δ’
682 543 774 622 ἂψ
820 544 886 621 ἐς
931 544 1164 628 ὅμιλον
1210 546 1332 610 ἰὼν
1377 543 1726 630 ἀνεχάζεθ’
1766 543 2077 630 ἑταίρων,

222 658 227 663 ’
290 650 354 726 ἐς
392 650 637 736 δίφρον
675 647 736 715 δ’
780 649 1130 735 ἀνόρουσε·
1177 651 1374 716 δίδου
1420 644 1482 716 δ’
1524 650 1561 716 ὅ
1596 673 1671 733 γε
1708 651 1939 736 τεύχεα
1973 651 2140 715 καλὰ
2181 666 2289 714 130

291 752 510 842 Τρωσὶ
556 755 786 841 φέρειν
840 754 1033 841 προτὶ
1077 757 1276 839 ἄστυ,
1330 753 1495 840 μέγα
1538 754 1727 833 κλέος
1771 758 2042 840 ἔμμεναι
2089 756 2293 843 αὐτῷ.

287 868 454 940 Αἴας
499 860 560 926 δ’
604 859 775 947 ἀμφὶ
818 862 1228 947 Μενοιτιάδῃ
1277 862 1475 939 σάκος
1520 862 1682 948 εὐρὺ
1711 862 2024 948 ,καλύψας

286 966 611 1052 ἑστήκειν,
659 968 747 1044 ὥς
788 970 887 1044 τίς
930 989 998 1032 τε
1045 965 1214 1032 λέων
1257 966 1410 1048 περὶ
1455 959 1588 1033 οἶσι
1630 965 1956 1049 τέκεσσιν,

286 1066 339 1160 ᾧ
387 1072 471 1158 ῥά
513 1097 583 1137 τε
626 1068 808 1156 νήπι’
851 1073 1081 1155 ἄγοντι
1125 1074 1664 1156 συναντήσωνται
1708 1073 1782 1138 ἐν
1824 1073 1951 1157 ὕλῃ

284 1180 523 1265 ἄνδρες
567 1178 943 1263 ἐπακτῆρες·
989 1178 1027 1243 ὁ
1074 1177 1153 1245 δέ
1190 1201 1260 1244 τε
1297 1179 1532 1244 σθένει·
1570 1180 1964 1262 βλεμεαίνει,
2187 1195 2295 1244 135

286 1293 421 1351 πᾶν
468 1282 548 1350 δέ
585 1282 644 1349 τ’
687 1284 1070 1351 ἐπισκύνιον
1113 1286 1288 1351 κάτω
1333 1284 1587 1352 ἕλκεται
1630 1286 1788 1351 ὄσσε
1830 1284 2235 1350 καλύπτων·-

285 1386 375 1467 ὧς
417 1396 587 1468 Αἴας
629 1388 779 1476 περὶ
823 1392 1186 1481 Πατρόκλῳ
1230 1391 1399 1478 ήρωι
1442 1393 1766 1475 βεβήκειν.

280 1494 608 1580 Ἀτρεΐδης
652 1495 714 1560 δ’
759 1494 1084 1581 ἑτέρωθεν
1129 1497 1479 1583 ἀρηίφιλος
1521 1494 1866 1574 Μενέλαος

286 1600 539 1686 ἑστήκει
583 1599 747 1686 μέγα
792 1601 1042 1679 πένθος
1085 1600 1186 1669 ἐνὶ
1230 1606 1594 1686 στήθεσσιν
1637 1600 1862 1681 ἀέξων.
2127 1684 2132 1687 v

371 1710 668 1785 Γλαῦκος
699 1705 760 1771 δ’
795 1703 1206 1793 Ἱππολόχοιο
1241 1709 1425 1791 πάις,
1455 1710 1725 1779 Λυκίων
1760 1707 1918 1791 ἀγὸς
1956 1707 2226 1792 ἀνδρῶν
2238 1755 2260 1790 ,
2323 1694 2327 1698 ’

278 1809 533 1899 Ἕκτορ’
575 1812 835 1898 ὑπόδρα
881 1814 1045 1878 ἰδὼν
1087 1819 1345 1901 χαλεπῷ
1389 1814 1673 1898 ἠνίπαπε
1718 1815 1941 1902 μύθῳ·
2184 1829 2290 1878 141

286 1916 548 2006 ,ζἘκτορ
593 1913 770 1996 εἶδος
814 1918 1066 2006 ἄριστε,
1111 1920 1320 2004 μάχης
1362 1919 1490 2005 ἄρα
1533 1921 1782 1986 πολλὸν
1828 1921 2050 1987 ἐδεύεο
2065 1939 2081 1956 ·

283 2020 325 2108 ἦ
370 2023 428 2090 σ’
476 2024 688 2101 αὔτως
729 2023 919 2102 κλέος
962 2025 1210 2090 ἐσθλὸν
1255 2027 1389 2110 ἔχει
1432 2025 1717 2109 φύξηλιν
1758 2025 1968 2092 ἐόντα.

290 2131 531 2216 φράζεο
575 2139 734 2214 νῦν,
780 2130 1004 2208 ὅππως
1046 2153 1119 2195 κε
1162 2133 1360 2196 πόλιν
1402 2129 1513 2196 καὶ
1556 2132 1722 2198 ἄστυ
1767 2133 2043 2209 σαώσεις

289 2230 425 2312 οἶος
469 2239 595 2302 σὺν
642 2242 889 2319 λαοῖσι,
934 2233 1036 2302 τοὶ
1076 2233 1246 2325 Ἰλίῳ
1294 2237 1708 2320 ἐγγεγάασιν·
2177 2255 2284 2304 145

287 2339 370 2405 οὐ
411 2341 536 2425 γάρ
581 2364 680 2419 τις
723 2344 994 2408 Λυκίων
1036 2366 1112 2426 γε
1157 2344 1610 2427 μαχησόμενος
1652 2348 2024 2408 Δαναοῖσιν

288 2440 416 2511 εἶσι
460 2443 609 2532 περὶ
652 2450 947 2530 πτόλιος,
994 2445 1132 2513 ἐπεὶ
1178 2448 1299 2512 οὐκ
1344 2449 1472 2534 ἄρα
1516 2470 1617 2524 τις
1658 2448 1847 2534 χάρις
1890 2444 2009 2531 ἦεν

287 2551 668 2639 μάρνασθαι
714 2552 1005 2635 δηίοισιν
1049 2550 1150 2619 ἐπ’
1193 2553 1477 2638 ἀνδράσι
1518 2551 1805 2637 νωλεμὲς
1850 2556 1994 2619 αἰεί.

285 2668 422 2734 πῶς
463 2681 536 2724 κε
581 2659 668 2722 σὺ
710 2660 979 2742 χείρονα
1022 2667 1210 2741 φῶτα
1255 2659 1582 2735 σαώσειας
1624 2656 1777 2743 μεθ’
1831 2658 2093 2743 ὅμιλον,

287 2761 552 2849 σχέτλι’,
599 2759 738 2829 ἐπεὶ
780 2760 1165 2848 Σαρπηδόν’
1207 2763 1341 2847 ἅμα
1387 2763 1604 2843 ξεῖνον
1646 2763 1758 2830 καὶ
1802 2762 2064 2848 ἑταῖρον
2120 2849 2127 2860 ·
2178 2779 2277 2829 150

290 2870 594 2946 κάλλιπες
631 2867 1023 2954 Ἀργείοισιν
1068 2868 1237 2956 ἕλωρ
1282 2868 1394 2935 καὶ
1436 2871 1652 2957 κύρμα
1694 2869 2041 2955 γενέσθαι,

192 3028 197 3033 .
288 2974 360 3050 ὃς
402 2997 507 3040 τοι
550 2970 737 3040 πόλλ’
779 2976 1018 3059 ὄφελος
1058 2973 1318 3059 γένετο,
1365 2978 1597 3042 πτόλεΐ
1630 2998 1701 3041 τε
1742 2974 1855 3041 καὶ
1899 2976 2106 3064 αὐτῷ,

290 3080 448 3157 ζωὸς
493 3079 647 3145 ἐών·
693 3089 821 3146 νῦν
867 3076 929 3145 δ’
975 3080 1057 3145 οὔ
1105 3080 1175 3145 οἱ
1214 3078 1647 3165 ἀλαλκέμεναι
1689 3082 1895 3158 κύνας
1938 3084 2142 3164 ἔτλης.

286 3191 374 3271 τῷ
420 3193 580 3268 νῦν,
626 3192 693 3251 εἴ
725 3209 825 3263 τις
869 3184 1013 3269 ἐμοὶ
1056 3189 1328 3253 Λυκίων
1372 3188 1767 3254 ἐπιπείσεται
1812 3187 2109 3273 ἀνδρῶν,

287 3286 497 3358 οἴκαδ’
540 3297 717 3376 ἴμεν,
770 3294 973 3378 Τροίῃ
1021 3288 1096 3358 δὲ
1137 3292 1498 3379 πεφήσεται
1542 3295 1740 3371 αἰπὺς
1783 3294 2078 3381 ὄλεθρος.
2181 3274 2271 3360 r15⁹5

284 3399 349 3464 εί
389 3400 514 3484 γὰρ
558 3407 687 3464 νῦν
739 3397 1033 3484 Τρώεσσι
1077 3397 1276 3484 μένος
1318 3396 1739 3487 πολυθαρσὲς
1784 3398 1988 3482 ἐνείη,

285 3504 605 3594 ἄτρομον,
653 3496 798 3571 οἶόν
842 3502 898 3570 τ’
944 3506 1190 3597 ἄνδρας
1238 3505 1597 3592 ἐσέρχεται,
1646 3509 1717 3570 οἳ
1753 3503 1903 3589 περὶ
1948 3505 2194 3590 πάτρης
