2525 3884
306 172 434 236 132
1101 173 1401 224 ωΑΛοΣ
1439 174 1502 226 Σ.

300 316 540 392 πάντες
585 314 1004 400 μυθέσκοντο
1048 317 1472 401 πολύχρυσον
1517 315 1966 398 πολύχαλκον·
2053 300 2066 310 ’

302 428 430 485 νῦν
479 416 551 485 δὲ
598 421 680 504 δὴ
728 420 1092 499 ἐξαπόλωλε
1139 421 1366 505 δόμων
1411 422 1710 505 κειμήλια
1754 420 1948 503 καλά,
2216 438 2337 488 290

301 527 514 591 πολλὰ
563 522 634 591 δὲ
682 528 763 611 δὴ
817 531 1120 612 Φρυγίην
1163 525 1275 592 καὶ
1319 530 1636 620 Μῃονίην
1683 527 2025 612 ἐρατεινὴν

301 632 592 716 κτήματα
635 628 994 718 περνάμεν’
1037 633 1191 715 ἵκει,
1239 630 1379 697 ἐπεὶ
1423 629 1626 716 μέγας
1671 631 1972 697 ὠδύσατο
2021 634 2206 710 Ζεύς.

302 745 433 802 νῦν
478 733 540 802 δ’
558 785 578 821 ,
616 738 725 802 ὅτε
769 737 891 822 πέρ
937 761 1052 821 μοι
1101 738 1306 801 ἔδωκε
1342 739 1616 822 Κρόνου
1659 736 1813 814 πάις
1852 736 2335 823 ἀγκυλομήτεω

302 844 507 920 κῦδος
550 840 785 928 ἀρέσθ’
832 840 937 907 έπὶ
979 845 1210 925 νηυσί,
1261 842 1570 928 θαλάσσῃ
1616 840 1674 907 τ’
1718 845 1904 908 ἔλσαι
1943 840 2277 927 Ἀχαιούς,

303 951 526 1033 νήπιε,
573 946 802 1032 μηκέτι
835 956 1040 1013 ταῦτα
1083 950 1379 1032 νοήματα
1424 946 1609 1031 φαῖν’
1654 946 1755 1014 ἐνὶ
1801 949 2011 1036 δήμω·
2208 967 2328 1016 295

269 1075 273 1079 ·
309 1054 394 1120 οὐ
436 1055 565 1140 γάρ
609 1076 709 1130 τις
759 1055 1008 1139 Τρώων
1054 1053 1478 1120 ἐπιπείσεται·
1526 1055 1608 1120 οὐ
1651 1054 1778 1140 γὰρ
1826 1054 2013 1120 ἐάσω.

304 1156 449 1225 ἀλλ’
492 1157 713 1243 ἄγεθ’,
759 1159 849 1237 ὠς
894 1159 977 1225 ἂν
1023 1159 1152 1244 ἐγὼ
1196 1166 1391 1244 εἴπω,
1435 1161 1828 1245 πειθώμεθα
1869 1161 2124 1238 πάντες.

304 1274 436 1332 νῦν
482 1261 604 1350 μὲν
651 1267 904 1352 δόρπον
950 1265 1185 1333 ἕλεσθε
1228 1266 1394 1332 κατὰ
1438 1268 1723 1352 στρατὸν
1767 1266 1842 1331 ἐν
1884 1265 2247 1351 τελέεσσιν,

304 1369 414 1436 καὶ
459 1376 758 1456 φυλακῆς
802 1375 1150 1457 μνήσασθε
1193 1370 1305 1437 καὶ
1352 1372 1717 1458 ἐγρήγορθε
1763 1371 2058 1465 ἕκαστος·
2219 1438 2224 1443 .

313 1478 562 1563 Τρώων
607 1475 670 1543 δ’
714 1478 788 1555 ὃς
831 1479 1208 1544 κτεάτεσσιν
1252 1478 1677 1565 ὑπερφιάλως
1722 1478 1996 1562 ἀνιάζει,
2212 1495 2331 1546 300

313 1581 626 1661 συλλέξας
670 1589 890 1648 λαοῖσι
937 1585 1108 1649 δότω
1153 1585 1803 1670 καταδημοβορῆσαι·
1853 1660 1856 1663 ,

304 1699 440 1754 τῶν
484 1690 634 1754 τινὰ
680 1687 992 1775 βέλτερόν
1037 1689 1217 1755 ἐστιν
1263 1688 1631 1776 ἐπαυρέμεν
1674 1691 1718 1774 ἥ
1762 1711 1883 1776 περ
1922 1686 2235 1775 Ἀχαιούς.

304 1806 478 1882 πρῶι
524 1789 585 1860 δ’
626 1794 896 1877 ὑπηοῖοι
941 1797 1070 1859 σὺν
1114 1795 1374 1879 τεύχεσι
1415 1794 1886 1880 θωρηχθέντες
2211 1778 2217 1789 ’

306 1897 551 1986 νηυσὶν
597 1902 702 1966 ἔπι
746 1905 1170 1986 γλαφυρῇσιν
1215 1900 1554 1986 ἐγείρομεν
1600 1900 1760 1980 ὀξὺν
1788 1901 2015 1989 Ἄρηα.

306 2009 370 2073 εἰ
412 2005 472 2072 δ’
518 2006 701 2073 ἐτεὸν
745 2007 922 2092 παρὰ
966 2014 1218 2091 ναῦφιν
1265 2005 1504 2090 ἀνέστη
1552 2008 1695 2085 δῖος
1733 2006 2089 2094 Ἀχιλλεύς,
2214 2026 2325 2078 305

307 2113 571 2196 ἄλγιον,
620 2117 698 2177 αἱ
731 2107 792 2176 κ’
838 2109 1138 2198 ἐθέλῃσι,
1185 2119 1276 2200 τῷ
1324 2115 1596 2177 ἔσσεται.
1693 2114 1775 2178 οὔ
1820 2139 1934 2199 μιν
1979 2115 2107 2199 ἐγώ
2152 2139 2230 2199 γε

308 2216 632 2301 φεύξομαι
677 2216 750 2281 ἐκ
792 2214 1107 2302 πολέμοιο
1156 2215 1508 2303 δυσηχέος,
1556 2218 1722 2284 ἀλλά
1765 2217 1914 2304 μάλ’
1958 2222 2167 2305 ἄντην

309 2325 658 2407 στήσομαι,
713 2324 756 2406 ἤ
799 2346 871 2387 κε
927 2321 1170 2409 φέρῃσι
1224 2322 1392 2408 μέγα
1443 2325 1709 2409 κράτος,
1756 2328 1798 2409 ἤ
1828 2314 1914 2392 ’κε
1969 2330 2323 2414 φεροίμην.

309 2426 506 2506 ξυνὸς
551 2427 884 2511 ἐνυάλιος,
930 2433 1048 2494 καί
1084 2452 1154 2494 τε
1197 2427 1559 2496 κτανέοντα
1601 2430 1938 2498 κατέκτα.“

398 2529 487 2610 ὧς
515 2531 769 2619 ’Ἑκτωρ
815 2529 1106 2619 ἀγόρευ’,
1154 2534 1258 2601 ἐπὶ
1307 2534 1381 2601 δὲ
1432 2541 1650 2622 Τρῶες
1693 2538 2064 2623 κελάδησαν
2214 2558 2323 2608 310

310 2642 564 2723 νήπιοι·
611 2638 684 2704 ἐκ
726 2639 853 2725 γάρ
901 2656 1127 2722 σφεων
1173 2640 1425 2728 φρένας
1478 2642 1685 2707 εἵλετο
1733 2647 2002 2723 Παλλὰς
2039 2640 2322 2732 Ἀθήνη·

294 2742 558 2830 ’Ἕκτορι
603 2739 726 2829 μὲν
769 2744 896 2829 γὰρ
944 2741 1282 2830 ἐπῄνησαν
1325 2747 1491 2811 κακὰ
1536 2750 1919 2833 μητιόωντι,

310 2851 833 2935 Πουλυδάμαντι
860 2847 922 2915 δ’
959 2847 1063 2935 ἄρ’
1092 2851 1175 2915 οὔ
1201 2874 1330 2934 τις,
1361 2851 1434 2929 ὃς
1461 2852 1711 2937 ἐσθλὴν
1739 2855 2018 2939 φράζετο
2044 2858 2320 2942 βουλήν.

311 2957 564 3042 δόρπον
611 2952 823 3022 ἔπειθ’
867 2956 1124 3021 εἴλοντο
1170 2957 1335 3021 κατὰ
1379 2962 1690 3044 στρατόν·
1737 2961 1945 3046 αὐτὰρ
1984 2956 2230 3046 Ἀχαιοὶ

309 3063 665 3147 παννύχιοι
711 3062 1103 3148 Πάτροκλον
1149 3062 1661 3148 ἀνεστενάχοντο
1706 3078 2006 3148 γοῶντες.
2213 3084 2320 3133 315

308 3178 483 3233 τοῖσι
530 3165 604 3233 δὲ
649 3167 983 3251 Πηλεΐδης
1026 3167 1266 3234 ἁδινοῦ
1312 3169 1535 3256 ἐξῆρχε
1579 3174 1796 3255 γόοιο,

310 3283 531 3358 χεῖρας
576 3270 675 3338 ἐπ’
720 3272 1185 3358 ἀνδροφόνους
1227 3272 1514 3359 θέμενος
1558 3279 1917 3360 στήθεσσιν
1964 3275 2259 3363 ἑταίρου,

310 3378 530 3444 πυκνὰ
575 3378 748 3461 μάλα
796 3378 1128 3463 στενάχων
1177 3380 1265 3456 ὥς
1307 3402 1377 3444 τε
1424 3379 1525 3457 λὶς
1567 3380 1937 3465 ἠυγένειος,

312 3475 364 3571 ᾧ
413 3483 495 3570 ῥά
538 3481 610 3548 θ’
654 3483 784 3549 ὑπὸ
832 3485 1164 3570 σκύμνους
1210 3484 1621 3568 ἐλαφηβόλος
1666 3487 1923 3574 ἁρπάσῃ
1970 3487 2137 3574 ἀνὴρ
