<?xml version="1.0" encoding="UTF-8"?>
<!DOCTYPE html PUBLIC "-//W3C//DTD XHTML 1.0 Transitional//EN"
    "http://www.w3.org/TR/xhtml1/DTD/xhtml1-transitional.dtd">
<html xmlns="http://www.w3.org/1999/xhtml" xml:lang="en" lang="en">
 <head>
  <title>
</title>
<meta http-equiv="Content-Type" content="text/html;charset=utf-8" />
  <meta name='ocr-system' content='tesseract 3.04.00' />
  <meta name='ocr-capabilities' content='ocr_page ocr_carea ocr_par ocr_line ocrx_word'/>
</head>
<body>
  <div class='ocr_page' id='page_1' title='image "./homeriilias00wolfgoog_0162.png"; bbox 0 0 2525 3884; ppageno 0'>
   <div class='ocr_carea' id='block_1_1' title="bbox 319 234 1513 302">
    <p class='ocr_par' dir='ltr' id='par_1_1' title="bbox 319 234 1513 302">
     <span class='ocr_line' id='line_1_1' title="bbox 319 234 1513 302; baseline -0.01 -2"><span class='ocrx_word' id='word_1_1' title='bbox 319 235 446 302; x_wconf 81' lang='lat'><strong><em>150</em></strong></span> <span class='ocrx_word' id='word_1_2' title='bbox 1112 234 1416 286; x_wconf 69' lang='grc' dir='ltr'><strong><em>ιΛΙΑΔοΣ</em></strong></span> <span class='ocrx_word' id='word_1_3' title='bbox 1450 235 1513 288; x_wconf 76' lang='grc' dir='ltr'><strong><em>Τ.</em></strong></span> 
     </span>
    </p>
   </div>
   <div class='ocr_carea' id='block_1_2' title="bbox 311 374 2480 3647">
    <p class='ocr_par' dir='ltr' id='par_1_2' title="bbox 311 374 2480 1953">
     <span class='ocr_line' id='line_1_2' title="bbox 313 374 1913 467; baseline -0.003 -21"><span class='ocrx_word' id='word_1_4' title='bbox 313 382 558 467; x_wconf 80' lang='grc' dir='ltr'><strong><em>ἄμητος</em></strong></span> <span class='ocrx_word' id='word_1_5' title='bbox 603 374 667 445; x_wconf 87' lang='grc' dir='ltr'><strong><em>δ’</em></strong></span> <span class='ocrx_word' id='word_1_6' title='bbox 718 379 1067 463; x_wconf 76' lang='grc' dir='ltr'><strong><em>ὀλίγιστος,</em></strong></span> <span class='ocrx_word' id='word_1_7' title='bbox 1112 377 1277 462; x_wconf 81' lang='grc' dir='ltr'><strong><em>ἐπὴν</em></strong></span> <span class='ocrx_word' id='word_1_8' title='bbox 1320 380 1584 462; x_wconf 81' lang='grc' dir='ltr'><strong><em>κλίνῃσι</em></strong></span> <span class='ocrx_word' id='word_1_9' title='bbox 1626 376 1913 442; x_wconf 90' lang='grc' dir='ltr'><strong><em>τάλαντα</em></strong></span> 
     </span>
     <span class='ocr_line' id='line_1_3' title="bbox 314 481 2480 570; baseline -0.001 -19"><span class='ocrx_word' id='word_1_10' title='bbox 314 487 501 570; x_wconf 88' lang='grc' dir='ltr'><strong><em>Ζεύς,</em></strong></span> <span class='ocrx_word' id='word_1_11' title='bbox 549 487 621 564; x_wconf 84' lang='grc' dir='ltr'><strong><em>ὅς</em></strong></span> <span class='ocrx_word' id='word_1_12' title='bbox 666 482 724 551; x_wconf 88' lang='grc' dir='ltr'><strong><em>τ’</em></strong></span> <span class='ocrx_word' id='word_1_13' title='bbox 777 485 1158 569; x_wconf 79' lang='grc' dir='ltr'><strong><em>ἀνθρώπων</em></strong></span> <span class='ocrx_word' id='word_1_14' title='bbox 1201 486 1437 569; x_wconf 78' lang='grc' dir='ltr'><strong><em>ταμίης</em></strong></span> <span class='ocrx_word' id='word_1_15' title='bbox 1479 481 1796 568; x_wconf 87' lang='grc' dir='ltr'><strong><em>πολέμοιο</em></strong></span> <span class='ocrx_word' id='word_1_16' title='bbox 1841 481 2158 549; x_wconf 81' lang='grc' dir='ltr'><strong><em>τέτυκται.</em></strong></span> <span class='ocrx_word' id='word_1_17' title='bbox 2479 534 2480 563; x_wconf 53' lang='lat'>3</span> 
     </span>
     <span class='ocr_line' id='line_1_4' title="bbox 311 583 2480 679; baseline -0.003 -21"><span class='ocrx_word' id='word_1_18' title='bbox 311 591 579 679; x_wconf 77' lang='grc' dir='ltr'><strong><em>γαστέρι</em></strong></span> <span class='ocrx_word' id='word_1_19' title='bbox 626 587 689 657; x_wconf 88' lang='grc' dir='ltr'><strong><em>δ’</em></strong></span> <span class='ocrx_word' id='word_1_20' title='bbox 740 592 822 657; x_wconf 78' lang='grc' dir='ltr'><strong><em>οὔ</em></strong></span> <span class='ocrx_word' id='word_1_21' title='bbox 865 612 1004 669; x_wconf 94' lang='grc' dir='ltr'><strong><em>πως</em></strong></span> <span class='ocrx_word' id='word_1_22' title='bbox 1048 593 1188 657; x_wconf 81' lang='grc' dir='ltr'><strong><em>ἔστι</em></strong></span> <span class='ocrx_word' id='word_1_23' title='bbox 1230 588 1434 656; x_wconf 88' lang='grc' dir='ltr'><strong><em>νέκυν</em></strong></span> <span class='ocrx_word' id='word_1_24' title='bbox 1478 596 1811 674; x_wconf 78' lang='grc' dir='ltr'><strong><em>πενθῆσαι</em></strong></span> <span class='ocrx_word' id='word_1_25' title='bbox 1846 583 2173 673; x_wconf 91' lang='grc' dir='ltr'><strong><em>Ἀχαιούς·</em></strong></span> <span class='ocrx_word' id='word_1_26' title='bbox 2217 603 2345 653; x_wconf 77' lang='lat'><strong><em>225</em></strong></span> <span class='ocrx_word' id='word_1_27' title='bbox 2479 604 2480 619; x_wconf 64' lang='lat'>¹</span> 
     </span>
     <span class='ocr_line' id='line_1_5' title="bbox 312 694 1972 785; baseline -0.002 -21"><span class='ocrx_word' id='word_1_28' title='bbox 312 702 464 785; x_wconf 88' lang='grc' dir='ltr'><strong><em>λίην</em></strong></span> <span class='ocrx_word' id='word_1_29' title='bbox 507 700 635 785; x_wconf 80' lang='grc' dir='ltr'><strong><em>γὰρ</em></strong></span> <span class='ocrx_word' id='word_1_30' title='bbox 679 695 914 764; x_wconf 79' lang='grc' dir='ltr'><strong><em>πολλοὶ</em></strong></span> <span class='ocrx_word' id='word_1_31' title='bbox 955 694 1068 763; x_wconf 84' lang='grc' dir='ltr'><strong><em>καὶ</em></strong></span> <span class='ocrx_word' id='word_1_32' title='bbox 1113 696 1457 781; x_wconf 79' lang='grc' dir='ltr'><strong><em>ἐπήτριμοι</em></strong></span> <span class='ocrx_word' id='word_1_33' title='bbox 1500 697 1715 780; x_wconf 78' lang='grc' dir='ltr'><strong><em>ἤματα</em></strong></span> <span class='ocrx_word' id='word_1_34' title='bbox 1758 695 1972 761; x_wconf 87' lang='grc' dir='ltr'><strong><em>πάντα</em></strong></span> 
     </span>
     <span class='ocr_line' id='line_1_6' title="bbox 312 801 1984 880; baseline -0.003 -9"><span class='ocrx_word' id='word_1_35' title='bbox 312 808 691 872; x_wconf 80' lang='grc' dir='ltr'><strong><em>πίπτουσιν·</em></strong></span> <span class='ocrx_word' id='word_1_36' title='bbox 737 805 895 869; x_wconf 86' lang='grc' dir='ltr'><strong><em>πότε</em></strong></span> <span class='ocrx_word' id='word_1_37' title='bbox 937 801 1054 869; x_wconf 87' lang='grc' dir='ltr'><strong><em>κέν</em></strong></span> <span class='ocrx_word' id='word_1_38' title='bbox 1097 825 1197 880; x_wconf 90' lang='grc' dir='ltr'><strong><em>τις</em></strong></span> <span class='ocrx_word' id='word_1_39' title='bbox 1240 803 1674 869; x_wconf 80' lang='grc' dir='ltr'><strong><em>ἀναπνεύσειε</em></strong></span> <span class='ocrx_word' id='word_1_40' title='bbox 1719 804 1984 880; x_wconf 81' lang='grc' dir='ltr'><strong><em>πόνοιο;</em></strong></span> 
     </span>
     <span class='ocr_line' id='line_1_7' title="bbox 313 905 2108 997; baseline -0.003 -19"><span class='ocrx_word' id='word_1_41' title='bbox 313 911 477 978; x_wconf 82' lang='grc' dir='ltr'><strong><em>ἀλλὰ</em></strong></span> <span class='ocrx_word' id='word_1_42' title='bbox 520 911 645 997; x_wconf 82' lang='grc' dir='ltr'><strong><em>χρὴ</em></strong></span> <span class='ocrx_word' id='word_1_43' title='bbox 691 910 810 975; x_wconf 86' lang='grc' dir='ltr'><strong><em>τὸν</em></strong></span> <span class='ocrx_word' id='word_1_44' title='bbox 853 905 976 994; x_wconf 73' lang='grc' dir='ltr'><strong><em>μὲν</em></strong></span> <span class='ocrx_word' id='word_1_45' title='bbox 1020 908 1498 991; x_wconf 77' lang='grc' dir='ltr'><strong><em>καταθάπτειν,</em></strong></span> <span class='ocrx_word' id='word_1_46' title='bbox 1546 908 1619 985; x_wconf 83' lang='grc' dir='ltr'><strong><em>ὅς</em></strong></span> <span class='ocrx_word' id='word_1_47' title='bbox 1661 931 1736 973; x_wconf 84' lang='grc' dir='ltr'><strong><em>κε</em></strong></span> <span class='ocrx_word' id='word_1_48' title='bbox 1780 907 2108 994; x_wconf 77' lang='grc' dir='ltr'><strong><em>θάνῃσιν,</em></strong></span> 
     </span>
     <span class='ocr_line' id='line_1_8' title="bbox 311 1011 2044 1101; baseline -0.002 -19"><span class='ocrx_word' id='word_1_49' title='bbox 311 1014 517 1101; x_wconf 85' lang='grc' dir='ltr'><strong><em>νηλέα</em></strong></span> <span class='ocrx_word' id='word_1_50' title='bbox 559 1016 785 1100; x_wconf 87' lang='grc' dir='ltr'><strong><em>θυμὸν</em></strong></span> <span class='ocrx_word' id='word_1_51' title='bbox 829 1017 1128 1099; x_wconf 79' lang='grc' dir='ltr'><strong><em>ἔχοντας,</em></strong></span> <span class='ocrx_word' id='word_1_52' title='bbox 1176 1011 1277 1080; x_wconf 81' lang='grc' dir='ltr'><strong><em>ἐπ’</em></strong></span> <span class='ocrx_word' id='word_1_53' title='bbox 1318 1015 1517 1099; x_wconf 79' lang='grc' dir='ltr'><strong><em>ἤματι</em></strong></span> <span class='ocrx_word' id='word_1_54' title='bbox 1563 1014 2044 1098; x_wconf 78' lang='grc' dir='ltr'><strong><em>δακρύσαντας·</em></strong></span> 
     </span>
     <span class='ocr_line' id='line_1_9' title="bbox 314 1117 2331 1207; baseline -0.002 -18"><span class='ocrx_word' id='word_1_55' title='bbox 314 1125 503 1189; x_wconf 83' lang='grc' dir='ltr'><strong><em>ὅσσοι</em></strong></span> <span class='ocrx_word' id='word_1_56' title='bbox 549 1117 612 1188; x_wconf 88' lang='grc' dir='ltr'><strong><em>δ’</em></strong></span> <span class='ocrx_word' id='word_1_57' title='bbox 655 1119 740 1187; x_wconf 79' lang='grc' dir='ltr'><strong><em>ἂν</em></strong></span> <span class='ocrx_word' id='word_1_58' title='bbox 789 1119 1104 1206; x_wconf 82' lang='grc' dir='ltr'><strong><em>πολέμοιο</em></strong></span> <span class='ocrx_word' id='word_1_59' title='bbox 1148 1118 1301 1207; x_wconf 88' lang='grc' dir='ltr'><strong><em>περὶ</em></strong></span> <span class='ocrx_word' id='word_1_60' title='bbox 1346 1130 1694 1207; x_wconf 75' lang='grc' dir='ltr'><strong><em>στυγεροῖο</em></strong></span> <span class='ocrx_word' id='word_1_61' title='bbox 1739 1123 2090 1203; x_wconf 83' lang='grc' dir='ltr'><strong><em>λίπωνται,</em></strong></span> <span class='ocrx_word' id='word_1_62' title='bbox 2220 1135 2331 1184; x_wconf 81' lang='lat'><strong><em>230</em></strong></span> 
     </span>
     <span class='ocr_line' id='line_1_10' title="bbox 313 1221 2113 1314; baseline -0.002 -19"><span class='ocrx_word' id='word_1_63' title='bbox 313 1235 691 1314; x_wconf 80' lang='grc' dir='ltr'><strong><em>μεμνῆσθαι</em></strong></span> <span class='ocrx_word' id='word_1_64' title='bbox 734 1230 967 1306; x_wconf 87' lang='grc' dir='ltr'><strong><em>πόσιος</em></strong></span> <span class='ocrx_word' id='word_1_65' title='bbox 1008 1224 1121 1292; x_wconf 84' lang='grc' dir='ltr'><strong><em>καὶ</em></strong></span> <span class='ocrx_word' id='word_1_66' title='bbox 1164 1226 1472 1311; x_wconf 77' lang='grc' dir='ltr'><strong><em>ἐδητύος,</em></strong></span> <span class='ocrx_word' id='word_1_67' title='bbox 1519 1221 1677 1313; x_wconf 78' lang='grc' dir='ltr'><strong><em>ὄφρ’</em></strong></span> <span class='ocrx_word' id='word_1_68' title='bbox 1720 1230 1816 1292; x_wconf 82' lang='grc' dir='ltr'><strong><em>ἔτι</em></strong></span> <span class='ocrx_word' id='word_1_69' title='bbox 1859 1231 2113 1311; x_wconf 82' lang='grc' dir='ltr'><strong><em>μᾶλλον</em></strong></span> 
     </span>
     <span class='ocr_line' id='line_1_11' title="bbox 313 1330 2018 1421; baseline -0.001 -20"><span class='ocrx_word' id='word_1_70' title='bbox 313 1334 599 1421; x_wconf 75' lang='grc' dir='ltr'><strong><em>ἀνδράσι</em></strong></span> <span class='ocrx_word' id='word_1_71' title='bbox 642 1331 1072 1419; x_wconf 78' lang='grc' dir='ltr'><strong><em>δυσμενέεσσι</em></strong></span> <span class='ocrx_word' id='word_1_72' title='bbox 1116 1334 1482 1419; x_wconf 76' lang='grc' dir='ltr'><strong><em>μαχώμεθα</em></strong></span> <span class='ocrx_word' id='word_1_73' title='bbox 1524 1330 1814 1419; x_wconf 72' lang='grc' dir='ltr'><strong><em>νωλεμὲς</em></strong></span> <span class='ocrx_word' id='word_1_74' title='bbox 1859 1335 2018 1417; x_wconf 85' lang='grc' dir='ltr'><strong><em>αἰεί,</em></strong></span> 
     </span>
     <span class='ocr_line' id='line_1_12' title="bbox 315 1437 2126 1526; baseline -0.002 -17"><span class='ocrx_word' id='word_1_75' title='bbox 315 1440 665 1526; x_wconf 79' lang='grc' dir='ltr'><strong><em>ἑσσάμενοι</em></strong></span> <span class='ocrx_word' id='word_1_76' title='bbox 707 1442 863 1526; x_wconf 82' lang='grc' dir='ltr'><strong><em>χροὶ·</em></strong></span> <span class='ocrx_word' id='word_1_77' title='bbox 901 1441 1146 1526; x_wconf 88' lang='grc' dir='ltr'><strong><em>χαλκὸν</em></strong></span> <span class='ocrx_word' id='word_1_78' title='bbox 1192 1437 1469 1525; x_wconf 78' lang='grc' dir='ltr'><strong><em>ἀτειρέα.</em></strong></span> <span class='ocrx_word' id='word_1_79' title='bbox 1560 1438 1734 1524; x_wconf 87' lang='grc' dir='ltr'><strong><em>μηδέ</em></strong></span> <span class='ocrx_word' id='word_1_80' title='bbox 1772 1462 1872 1518; x_wconf 88' lang='grc' dir='ltr'><strong><em>τις</em></strong></span> <span class='ocrx_word' id='word_1_81' title='bbox 1915 1440 2126 1525; x_wconf 78' lang='grc' dir='ltr'><strong><em>ἄλλην</em></strong></span> 
     </span>
     <span class='ocr_line' id='line_1_13' title="bbox 314 1543 1885 1633; baseline -0.001 -20"><span class='ocrx_word' id='word_1_82' title='bbox 314 1553 494 1613; x_wconf 79' lang='grc' dir='ltr'><strong><em>λαῶν</em></strong></span> <span class='ocrx_word' id='word_1_83' title='bbox 539 1546 867 1633; x_wconf 87' lang='grc' dir='ltr'><strong><em>ὀτρυντὺν</em></strong></span> <span class='ocrx_word' id='word_1_84' title='bbox 910 1543 1382 1630; x_wconf 82' lang='grc' dir='ltr'><strong><em>ποτιδέγμενος</em></strong></span> <span class='ocrx_word' id='word_1_85' title='bbox 1427 1545 1885 1632; x_wconf 72' lang='grc' dir='ltr'><strong><em>ἰσχαναάσθω·</em></strong></span> 
     </span>
     <span class='ocr_line' id='line_1_14' title="bbox 313 1652 2323 1738; baseline 0 -20"><span class='ocrx_word' id='word_1_86' title='bbox 313 1654 432 1736; x_wconf 79' lang='grc' dir='ltr'><strong><em>ἥδε</em></strong></span> <span class='ocrx_word' id='word_1_87' title='bbox 476 1653 603 1736; x_wconf 83' lang='grc' dir='ltr'><strong><em>γὰρ</em></strong></span> <span class='ocrx_word' id='word_1_88' title='bbox 649 1652 970 1738; x_wconf 86' lang='grc' dir='ltr'><strong><em>ὀτρυντὺς</em></strong></span> <span class='ocrx_word' id='word_1_89' title='bbox 1013 1653 1217 1718; x_wconf 83' lang='grc' dir='ltr'><strong><em>κακὸν</em></strong></span> <span class='ocrx_word' id='word_1_90' title='bbox 1263 1654 1552 1736; x_wconf 81' lang='grc' dir='ltr'><strong><em>ἔσσεται,</em></strong></span> <span class='ocrx_word' id='word_1_91' title='bbox 1599 1652 1675 1730; x_wconf 76' lang='grc' dir='ltr'><strong><em>ὃς</em></strong></span> <span class='ocrx_word' id='word_1_92' title='bbox 1715 1677 1790 1718; x_wconf 87' lang='grc' dir='ltr'><strong><em>κε</em></strong></span> <span class='ocrx_word' id='word_1_93' title='bbox 1834 1655 2102 1736; x_wconf 85' lang='grc' dir='ltr'><strong><em>λίπηται</em></strong></span> <span class='ocrx_word' id='word_1_94' title='bbox 2222 1669 2323 1718; x_wconf 76' lang='lat'><strong><em>235</em></strong></span> 
     </span>
     <span class='ocr_line' id='line_1_15' title="bbox 315 1752 2030 1846; baseline 0.001 -22"><span class='ocrx_word' id='word_1_95' title='bbox 315 1757 557 1842; x_wconf 83' lang='grc' dir='ltr'><strong><em>νηυσὶν</em></strong></span> <span class='ocrx_word' id='word_1_96' title='bbox 602 1756 702 1823; x_wconf 81' lang='grc' dir='ltr'><strong><em>ἐπ’</em></strong></span> <span class='ocrx_word' id='word_1_97' title='bbox 747 1752 1087 1844; x_wconf 80' lang='grc' dir='ltr'><strong><em>Ἀργείων·</em></strong></span> <span class='ocrx_word' id='word_1_98' title='bbox 1134 1754 1277 1824; x_wconf 89' lang='grc' dir='ltr'><strong><em>ἀλλ’</em></strong></span> <span class='ocrx_word' id='word_1_99' title='bbox 1330 1757 1577 1845; x_wconf 81' lang='grc' dir='ltr'><strong><em>ἁθρόοι</em></strong></span> <span class='ocrx_word' id='word_1_100' title='bbox 1621 1757 2030 1846; x_wconf 76' lang='grc' dir='ltr'><strong><em>ὁρμηθέντες</em></strong></span> 
     </span>
     <span class='ocr_line' id='line_1_16' title="bbox 322 1859 2149 1953; baseline -0.001 -22"><span class='ocrx_word' id='word_1_101' title='bbox 322 1862 586 1953; x_wconf 86' lang='grc' dir='ltr'><strong><em>Τρωσὶν</em></strong></span> <span class='ocrx_word' id='word_1_102' title='bbox 631 1859 737 1947; x_wconf 77' lang='grc' dir='ltr'><strong><em>ἐφ’</em></strong></span> <span class='ocrx_word' id='word_1_103' title='bbox 783 1861 1256 1947; x_wconf 75' lang='grc' dir='ltr'><strong><em>ἱπποδάμοισιν</em></strong></span> <span class='ocrx_word' id='word_1_104' title='bbox 1304 1863 1645 1950; x_wconf 78' lang='grc' dir='ltr'><strong><em>ἐγείρομεν</em></strong></span> <span class='ocrx_word' id='word_1_105' title='bbox 1688 1864 1850 1944; x_wconf 82' lang='grc' dir='ltr'><strong><em>ὀξὺν</em></strong></span> <span class='ocrx_word' id='word_1_106' title='bbox 1877 1863 2088 1951; x_wconf 80' lang='grc' dir='ltr'><strong><em>’Ἀρηα</em></strong></span> <span class='ocrx_word' id='word_1_107' title='bbox 2106 1865 2149 1901; x_wconf 84' lang='grc'><strong>“</strong></span> 
     </span>
    </p>

    <p class='ocr_par' dir='ltr' id='par_1_3' title="bbox 315 1960 2329 3647">
     <span class='ocr_line' id='line_1_17' title="bbox 402 1960 1990 2057; baseline -0.001 -20"><span class='ocrx_word' id='word_1_108' title='bbox 402 1967 444 2057; x_wconf 82' lang='grc' dir='ltr'><em>ἦ</em></span> <span class='ocrx_word' id='word_1_109' title='bbox 488 1968 599 2037; x_wconf 88' lang='grc' dir='ltr'><strong><em>καὶ</em></strong></span> <span class='ocrx_word' id='word_1_110' title='bbox 643 1968 983 2055; x_wconf 82' lang='grc' dir='ltr'><strong><em>Νέστορος</em></strong></span> <span class='ocrx_word' id='word_1_111' title='bbox 1026 1960 1176 2046; x_wconf 87' lang='grc' dir='ltr'><strong><em>υἷας</em></strong></span> <span class='ocrx_word' id='word_1_112' title='bbox 1220 1968 1555 2036; x_wconf 90' lang='grc' dir='ltr'><strong><em>ὀπάσσατο</em></strong></span> <span class='ocrx_word' id='word_1_113' title='bbox 1599 1971 1990 2056; x_wconf 87' lang='grc' dir='ltr'><strong><em>κυδαλίμοιο</em></strong></span> 
     </span>
     <span class='ocr_line' id='line_1_18' title="bbox 322 2072 2035 2163; baseline -0.001 -19"><span class='ocrx_word' id='word_1_114' title='bbox 322 2079 656 2161; x_wconf 84' lang='grc' dir='ltr'><strong><em>Φυλεΐδην</em></strong></span> <span class='ocrx_word' id='word_1_115' title='bbox 698 2099 770 2142; x_wconf 84' lang='grc' dir='ltr'><strong><em>τε</em></strong></span> <span class='ocrx_word' id='word_1_116' title='bbox 815 2072 1093 2160; x_wconf 82' lang='grc' dir='ltr'><strong><em>Μέγητα</em></strong></span> <span class='ocrx_word' id='word_1_117' title='bbox 1139 2076 1403 2141; x_wconf 77' lang='grc' dir='ltr'><strong><em>Θόαντά</em></strong></span> <span class='ocrx_word' id='word_1_118' title='bbox 1445 2098 1517 2142; x_wconf 90' lang='grc' dir='ltr'><strong><em>τε</em></strong></span> <span class='ocrx_word' id='word_1_119' title='bbox 1561 2079 1922 2163; x_wconf 85' lang='grc' dir='ltr'><strong><em>Μηριόνην</em></strong></span> <span class='ocrx_word' id='word_1_120' title='bbox 1963 2100 2035 2143; x_wconf 89' lang='grc' dir='ltr'><strong><em>τε</em></strong></span> 
     </span>
     <span class='ocr_line' id='line_1_19' title="bbox 315 2180 2326 2274; baseline -0.001 -25"><span class='ocrx_word' id='word_1_121' title='bbox 315 2182 425 2250; x_wconf 83' lang='grc' dir='ltr'><strong><em>καὶ</em></strong></span> <span class='ocrx_word' id='word_1_122' title='bbox 467 2181 956 2269; x_wconf 87' lang='grc' dir='ltr'><strong><em>Κρειοντιάδην</em></strong></span> <span class='ocrx_word' id='word_1_123' title='bbox 999 2183 1400 2266; x_wconf 81' lang='grc' dir='ltr'><strong><em>Λυκομήδεα</em></strong></span> <span class='ocrx_word' id='word_1_124' title='bbox 1442 2180 1555 2249; x_wconf 84' lang='grc' dir='ltr'><strong><em>καὶ</em></strong></span> <span class='ocrx_word' id='word_1_125' title='bbox 1597 2183 2056 2274; x_wconf 87' lang='grc' dir='ltr'><strong><em>Μελάνιππον.</em></strong></span> <span class='ocrx_word' id='word_1_126' title='bbox 2226 2199 2326 2247; x_wconf 75' lang='lat'><strong><em>240</em></strong></span> 
     </span>
     <span class='ocr_line' id='line_1_20' title="bbox 317 2283 2077 2376; baseline 0.001 -23"><span class='ocrx_word' id='word_1_127' title='bbox 317 2289 445 2372; x_wconf 78' lang='grc' dir='ltr'><strong><em>βὰν</em></strong></span> <span class='ocrx_word' id='word_1_128' title='bbox 492 2286 552 2353; x_wconf 89' lang='grc' dir='ltr'><strong><em>δ’</em></strong></span> <span class='ocrx_word' id='word_1_129' title='bbox 599 2294 746 2374; x_wconf 77' lang='grc' dir='ltr'><strong><em>ἴμεν</em></strong></span> <span class='ocrx_word' id='word_1_130' title='bbox 792 2288 859 2364; x_wconf 82' lang='grc' dir='ltr'><strong><em>ἐς</em></strong></span> <span class='ocrx_word' id='word_1_131' title='bbox 901 2291 1164 2374; x_wconf 81' lang='grc' dir='ltr'><strong><em>κλισίην</em></strong></span> <span class='ocrx_word' id='word_1_132' title='bbox 1201 2283 1687 2375; x_wconf 82' lang='grc' dir='ltr'><strong><em>Ἀγαμέμνονος</em></strong></span> <span class='ocrx_word' id='word_1_133' title='bbox 1723 2286 2077 2376; x_wconf 83' lang='grc' dir='ltr'><strong><em>Ἀτρεΐδαο.</em></strong></span> 
     </span>
     <span class='ocr_line' id='line_1_21' title="bbox 319 2389 2284 2481; baseline 0.001 -22"><span class='ocrx_word' id='word_1_134' title='bbox 319 2390 530 2460; x_wconf 83' lang='grc' dir='ltr'><strong><em>αὐτίκ’</em></strong></span> <span class='ocrx_word' id='word_1_135' title='bbox 585 2389 798 2459; x_wconf 80' lang='grc' dir='ltr'><strong><em>ἔπειθ’</em></strong></span> <span class='ocrx_word' id='word_1_136' title='bbox 840 2394 972 2480; x_wconf 82' lang='grc' dir='ltr'><strong><em>ἅμα</em></strong></span> <span class='ocrx_word' id='word_1_137' title='bbox 1017 2400 1235 2479; x_wconf 84' lang='grc' dir='ltr'><strong><em>μῦθος</em></strong></span> <span class='ocrx_word' id='word_1_138' title='bbox 1280 2396 1399 2478; x_wconf 72' lang='grc' dir='ltr'><strong><em>ἔην</em></strong></span> <span class='ocrx_word' id='word_1_139' title='bbox 1440 2392 1774 2460; x_wconf 83' lang='grc' dir='ltr'><strong><em>τετέλεστό</em></strong></span> <span class='ocrx_word' id='word_1_140' title='bbox 1817 2417 1889 2460; x_wconf 90' lang='grc' dir='ltr'><strong><em>τε</em></strong></span> <span class='ocrx_word' id='word_1_141' title='bbox 1924 2397 2151 2481; x_wconf 81' lang='grc' dir='ltr'><strong><em>ἔργον·</em></strong></span> <span class='ocrx_word' id='word_1_142' title='bbox 2279 2420 2284 2423; x_wconf 90' lang='grc'><strong><em>·</em></strong></span> 
     </span>
     <span class='ocr_line' id='line_1_22' title="bbox 318 2496 2323 2587; baseline 0 -21"><span class='ocrx_word' id='word_1_143' title='bbox 318 2499 476 2566; x_wconf 79' lang='grc' dir='ltr'><strong><em>ἑπτὰ</em></strong></span> <span class='ocrx_word' id='word_1_144' title='bbox 533 2496 656 2584; x_wconf 71' lang='grc' dir='ltr'><strong><em>μὲν</em></strong></span> <span class='ocrx_word' id='word_1_145' title='bbox 702 2499 774 2565; x_wconf 85' lang='grc' dir='ltr'><strong><em>έκ</em></strong></span> <span class='ocrx_word' id='word_1_146' title='bbox 814 2501 1071 2584; x_wconf 88' lang='grc' dir='ltr'><strong><em>κλισίης</em></strong></span> <span class='ocrx_word' id='word_1_147' title='bbox 1112 2499 1431 2586; x_wconf 86' lang='grc' dir='ltr'><strong><em>τρίποδας</em></strong></span> <span class='ocrx_word' id='word_1_148' title='bbox 1473 2498 1715 2587; x_wconf 87' lang='grc' dir='ltr'><strong><em>φέρον,</em></strong></span> <span class='ocrx_word' id='word_1_149' title='bbox 1773 2499 1892 2578; x_wconf 79' lang='grc' dir='ltr'><strong><em>οὕς</em></strong></span> <span class='ocrx_word' id='word_1_150' title='bbox 1937 2500 2009 2566; x_wconf 75' lang='grc' dir='ltr'><strong><em>οἱ</em></strong></span> <span class='ocrx_word' id='word_1_151' title='bbox 2045 2499 2323 2585; x_wconf 85' lang='grc' dir='ltr'><strong><em>ὑπέστη,</em></strong></span> 
     </span>
     <span class='ocr_line' id='line_1_23' title="bbox 319 2601 2096 2690; baseline 0.001 -19"><span class='ocrx_word' id='word_1_152' title='bbox 319 2612 617 2683; x_wconf 70' lang='grc' dir='ltr'><strong><em>αὔθωνας</em></strong></span> <span class='ocrx_word' id='word_1_153' title='bbox 661 2601 737 2670; x_wconf 70' lang='grc' dir='ltr'><strong><em>δὲ</em></strong></span> <span class='ocrx_word' id='word_1_154' title='bbox 780 2602 1058 2687; x_wconf 87' lang='grc' dir='ltr'><strong><em>λέβητας</em></strong></span> <span class='ocrx_word' id='word_1_155' title='bbox 1100 2603 1374 2690; x_wconf 73' lang='grc' dir='ltr'><strong><em>ἐείκοσι,</em></strong></span> <span class='ocrx_word' id='word_1_156' title='bbox 1420 2606 1676 2672; x_wconf 72' lang='grc' dir='ltr'><strong><em>δώδεκα</em></strong></span> <span class='ocrx_word' id='word_1_157' title='bbox 1723 2601 1783 2672; x_wconf 88' lang='grc' dir='ltr'><strong><em>δ’</em></strong></span> <span class='ocrx_word' id='word_1_158' title='bbox 1828 2607 2096 2685; x_wconf 80' lang='grc' dir='ltr'><strong><em>ἵππους·</em></strong></span> 
     </span>
     <span class='ocr_line' id='line_1_24' title="bbox 319 2705 2325 2797; baseline 0.001 -19"><span class='ocrx_word' id='word_1_159' title='bbox 319 2712 390 2778; x_wconf 86' lang='grc' dir='ltr'><strong><em>έκ</em></strong></span> <span class='ocrx_word' id='word_1_160' title='bbox 435 2709 497 2778; x_wconf 88' lang='grc' dir='ltr'><strong><em>δ’</em></strong></span> <span class='ocrx_word' id='word_1_161' title='bbox 540 2712 708 2796; x_wconf 78' lang='grc' dir='ltr'><strong><em>ἄγον</em></strong></span> <span class='ocrx_word' id='word_1_162' title='bbox 754 2705 916 2788; x_wconf 81' lang='grc' dir='ltr'><strong><em>αἶψα</em></strong></span> <span class='ocrx_word' id='word_1_163' title='bbox 958 2721 1280 2793; x_wconf 76' lang='grc' dir='ltr'><strong><em>γυναῖκας</em></strong></span> <span class='ocrx_word' id='word_1_164' title='bbox 1324 2711 1630 2797; x_wconf 86' lang='grc' dir='ltr'><strong><em>ἀμύμονα</em></strong></span> <span class='ocrx_word' id='word_1_165' title='bbox 1674 2715 1836 2797; x_wconf 75' lang='grc' dir='ltr'><strong><em>ἔργα</em></strong></span> <span class='ocrx_word' id='word_1_166' title='bbox 1882 2714 2100 2792; x_wconf 82' lang='grc' dir='ltr'><strong><em>ἰδυίας</em></strong></span> <span class='ocrx_word' id='word_1_167' title='bbox 2224 2727 2325 2780; x_wconf 71' lang='grc'><strong><em>246</em></strong></span> 
     </span>
     <span class='ocr_line' id='line_1_25' title="bbox 319 2816 1950 2906; baseline 0 -22"><span class='ocrx_word' id='word_1_168' title='bbox 319 2816 484 2903; x_wconf 80' lang='grc' dir='ltr'><strong><em>ἕπτ’,</em></strong></span> <span class='ocrx_word' id='word_1_169' title='bbox 530 2818 693 2904; x_wconf 79' lang='grc' dir='ltr'><strong><em>ἀτὰρ</em></strong></span> <span class='ocrx_word' id='word_1_170' title='bbox 739 2817 1070 2901; x_wconf 87' lang='grc' dir='ltr'><strong><em>ὀγδοάτην</em></strong></span> <span class='ocrx_word' id='word_1_171' title='bbox 1115 2817 1443 2902; x_wconf 89' lang='grc' dir='ltr'><strong><em>Βρισηίδα</em></strong></span> <span class='ocrx_word' id='word_1_172' title='bbox 1486 2820 1950 2906; x_wconf 76' lang='grc' dir='ltr'><strong><em>καλλιπάρῃον.</em></strong></span> 
     </span>
     <span class='ocr_line' id='line_1_26' title="bbox 317 2920 2119 3012; baseline 0 -21"><span class='ocrx_word' id='word_1_173' title='bbox 317 2934 570 3012; x_wconf 85' lang='grc' dir='ltr'><strong><em>χρυσοῦ</em></strong></span> <span class='ocrx_word' id='word_1_174' title='bbox 617 2926 657 2990; x_wconf 91' lang='grc' dir='ltr'><strong><em>δ</em></strong></span> <span class='ocrx_word' id='word_1_175' title='bbox 659 2921 691 2991; x_wconf 72' lang='grc' dir='ltr'>ὲ</span> <span class='ocrx_word' id='word_1_176' title='bbox 736 2926 980 3007; x_wconf 83' lang='grc' dir='ltr'><strong><em>στήσας</em></strong></span> <span class='ocrx_word' id='word_1_177' title='bbox 1016 2920 1330 3001; x_wconf 85' lang='grc' dir='ltr'><strong><em>Ὀδυσεὺς</em></strong></span> <span class='ocrx_word' id='word_1_178' title='bbox 1376 2922 1533 2991; x_wconf 92' lang='grc' dir='ltr'><strong><em>δέκα</em></strong></span> <span class='ocrx_word' id='word_1_179' title='bbox 1576 2924 1790 2991; x_wconf 82' lang='grc' dir='ltr'><strong><em>πάντα</em></strong></span> <span class='ocrx_word' id='word_1_180' title='bbox 1833 2925 2119 2991; x_wconf 90' lang='grc' dir='ltr'><strong><em>τάλαντα</em></strong></span> 
     </span>
     <span class='ocr_line' id='line_1_27' title="bbox 316 3024 2196 3118; baseline 0.001 -23"><span class='ocrx_word' id='word_1_181' title='bbox 316 3027 492 3118; x_wconf 78' lang='grc' dir='ltr'><strong><em>ἦρχ’,</em></strong></span> <span class='ocrx_word' id='word_1_182' title='bbox 539 3030 670 3115; x_wconf 81' lang='grc' dir='ltr'><strong><em>ἅμα</em></strong></span> <span class='ocrx_word' id='word_1_183' title='bbox 716 3024 778 3096; x_wconf 86' lang='grc' dir='ltr'><strong><em>δ’</em></strong></span> <span class='ocrx_word' id='word_1_184' title='bbox 821 3031 1011 3095; x_wconf 82' lang='grc' dir='ltr'><strong><em>ἄλλοι</em></strong></span> <span class='ocrx_word' id='word_1_185' title='bbox 1056 3031 1240 3117; x_wconf 83' lang='grc' dir='ltr'><strong><em>δῶρα</em></strong></span> <span class='ocrx_word' id='word_1_186' title='bbox 1286 3029 1499 3117; x_wconf 85' lang='grc' dir='ltr'><strong><em>φέρον</em></strong></span> <span class='ocrx_word' id='word_1_187' title='bbox 1542 3031 1862 3118; x_wconf 82' lang='grc' dir='ltr'><strong><em>κούρητες</em></strong></span> <span class='ocrx_word' id='word_1_188' title='bbox 1900 3025 2196 3117; x_wconf 78' lang='grc' dir='ltr'><strong><em>Ἀχαιῶν.</em></strong></span> 
     </span>
     <span class='ocr_line' id='line_1_28' title="bbox 317 3133 2329 3223; baseline 0 -21"><span class='ocrx_word' id='word_1_189' title='bbox 317 3134 428 3202; x_wconf 85' lang='grc' dir='ltr'><strong><em>καὶ</em></strong></span> <span class='ocrx_word' id='word_1_190' title='bbox 471 3137 552 3201; x_wconf 79' lang='grc' dir='ltr'><strong><em>τὰ</em></strong></span> <span class='ocrx_word' id='word_1_191' title='bbox 596 3133 718 3220; x_wconf 73' lang='grc' dir='ltr'><strong><em>μὲν</em></strong></span> <span class='ocrx_word' id='word_1_192' title='bbox 763 3134 838 3201; x_wconf 84' lang='grc' dir='ltr'><strong><em>έν</em></strong></span> <span class='ocrx_word' id='word_1_193' title='bbox 882 3134 1092 3221; x_wconf 82' lang='grc' dir='ltr'><strong><em>μέσσῃ</em></strong></span> <span class='ocrx_word' id='word_1_194' title='bbox 1139 3136 1349 3223; x_wconf 78' lang='grc' dir='ltr'><strong><em>ἀγορῇ</em></strong></span> <span class='ocrx_word' id='word_1_195' title='bbox 1392 3135 1639 3220; x_wconf 86' lang='grc' dir='ltr'><strong><em>θέσαν,</em></strong></span> <span class='ocrx_word' id='word_1_196' title='bbox 1684 3135 1770 3202; x_wconf 79' lang='grc' dir='ltr'><strong><em>ἂν</em></strong></span> <span class='ocrx_word' id='word_1_197' title='bbox 1805 3134 1869 3202; x_wconf 88' lang='grc' dir='ltr'><strong><em>δ’</em></strong></span> <span class='ocrx_word' id='word_1_198' title='bbox 1905 3134 2329 3223; x_wconf 78' lang='grc' dir='ltr'><strong><em>Ἀγαμέμνων</em></strong></span> 
     </span>
     <span class='ocr_line' id='line_1_29' title="bbox 320 3238 2329 3331; baseline 0.002 -25"><span class='ocrx_word' id='word_1_199' title='bbox 320 3242 572 3308; x_wconf 82' lang='grc' dir='ltr'><strong><em>ἵστατο·</em></strong></span> <span class='ocrx_word' id='word_1_200' title='bbox 625 3242 1006 3323; x_wconf 83' lang='grc' dir='ltr'><strong><em>Ταλθύβιος</em></strong></span> <span class='ocrx_word' id='word_1_201' title='bbox 1051 3238 1126 3308; x_wconf 73' lang='grc' dir='ltr'><strong><em>δὲ</em></strong></span> <span class='ocrx_word' id='word_1_202' title='bbox 1170 3248 1310 3331; x_wconf 78' lang='grc' dir='ltr'><strong><em>θεῷ</em></strong></span> <span class='ocrx_word' id='word_1_203' title='bbox 1357 3242 1727 3326; x_wconf 78' lang='grc' dir='ltr'><strong><em>ἐναλίγκιος</em></strong></span> <span class='ocrx_word' id='word_1_204' title='bbox 1770 3244 1987 3328; x_wconf 80' lang='grc' dir='ltr'><strong><em>αὐδὴν</em></strong></span> <span class='ocrx_word' id='word_1_205' title='bbox 2228 3261 2329 3310; x_wconf 77' lang='lat'><strong><em>250</em></strong></span> 
     </span>
     <span class='ocr_line' id='line_1_30' title="bbox 321 3345 2097 3435; baseline 0.002 -23"><span class='ocrx_word' id='word_1_206' title='bbox 321 3348 576 3435; x_wconf 90' lang='grc' dir='ltr'><strong><em>κάπρον</em></strong></span> <span class='ocrx_word' id='word_1_207' title='bbox 620 3348 791 3432; x_wconf 77' lang='grc' dir='ltr'><strong><em>ἔχων</em></strong></span> <span class='ocrx_word' id='word_1_208' title='bbox 836 3346 910 3412; x_wconf 81' lang='grc' dir='ltr'><strong><em>ἐν</em></strong></span> <span class='ocrx_word' id='word_1_209' title='bbox 953 3345 1141 3434; x_wconf 81' lang='grc' dir='ltr'><strong><em>χερσὶ</em></strong></span> <span class='ocrx_word' id='word_1_210' title='bbox 1184 3350 1545 3434; x_wconf 90' lang='grc' dir='ltr'><strong><em>παρίστατο</em></strong></span> <span class='ocrx_word' id='word_1_211' title='bbox 1590 3349 1855 3434; x_wconf 86' lang='grc' dir='ltr'><strong><em>ποιμένι</em></strong></span> <span class='ocrx_word' id='word_1_212' title='bbox 1898 3356 2097 3416; x_wconf 84' lang='grc' dir='ltr'><strong><em>λαῶν.</em></strong></span> 
     </span>
     <span class='ocr_line' id='line_1_31' title="bbox 315 3449 1995 3541; baseline 0.002 -23"><span class='ocrx_word' id='word_1_213' title='bbox 315 3451 647 3541; x_wconf 80' lang='grc' dir='ltr'><strong><em>Ἀτρεΐδης</em></strong></span> <span class='ocrx_word' id='word_1_214' title='bbox 695 3449 769 3519; x_wconf 72' lang='grc' dir='ltr'><strong><em>δὲ</em></strong></span> <span class='ocrx_word' id='word_1_215' title='bbox 815 3451 1260 3539; x_wconf 81' lang='grc' dir='ltr'><strong><em>ἐρυσσάμενος</em></strong></span> <span class='ocrx_word' id='word_1_216' title='bbox 1305 3456 1593 3540; x_wconf 88' lang='grc' dir='ltr'><strong><em>χείρεσσι</em></strong></span> <span class='ocrx_word' id='word_1_217' title='bbox 1637 3456 1995 3541; x_wconf 91' lang='grc' dir='ltr'><strong><em>μάχαιραν,</em></strong></span> 
     </span>
     <span class='ocr_line' id='line_1_32' title="bbox 323 3557 1936 3647; baseline 0.001 -22"><span class='ocrx_word' id='word_1_218' title='bbox 323 3560 366 3642; x_wconf 80' lang='grc' dir='ltr'><em>ἥ</em></span> <span class='ocrx_word' id='word_1_219' title='bbox 413 3560 485 3625; x_wconf 69' lang='lat' dir='ltr'><strong><em>ol</em></strong></span> <span class='ocrx_word' id='word_1_220' title='bbox 521 3561 653 3646; x_wconf 79' lang='grc' dir='ltr'><strong><em>πὰρ</em></strong></span> <span class='ocrx_word' id='word_1_221' title='bbox 700 3558 923 3644; x_wconf 83' lang='grc' dir='ltr'><strong><em>ξίφεος</em></strong></span> <span class='ocrx_word' id='word_1_222' title='bbox 967 3557 1134 3644; x_wconf 91' lang='grc' dir='ltr'><strong><em>μέγα</em></strong></span> <span class='ocrx_word' id='word_1_223' title='bbox 1177 3561 1458 3626; x_wconf 89' lang='grc' dir='ltr'><strong><em>κουλεὸν</em></strong></span> <span class='ocrx_word' id='word_1_224' title='bbox 1502 3557 1646 3626; x_wconf 72' lang='grc' dir='ltr'><strong><em>αἰὲν</em></strong></span> <span class='ocrx_word' id='word_1_225' title='bbox 1692 3562 1936 3647; x_wconf 74' lang='grc' dir='ltr'><strong><em>ἄωρτο,</em></strong></span> 
     </span>
    </p>
   </div>
  </div>
 </body>
</html>
