2525 3884
202 171 215 183 ἱ
315 218 441 284 188
1101 220 1404 272 ΙΛΙΑΔοΣ
1440 221 1507 271 Φ.

312 360 747 447 ,,ἐννοσίγαι’,
792 362 916 429 οὐκ
961 362 1045 428 ἄν
1091 386 1170 447 με
1216 364 1562 447 σαόφρονα
1606 363 1945 447 μυθήσαιο

312 469 614 552 ἔμμεναι,
661 469 725 534 εἰ
766 469 848 552 δὴ
896 470 1010 535 σοί
1047 492 1122 553 γε
1166 471 1427 556 βροτῶν
1471 466 1663 533 ἕνεκα
1706 467 2069 553 πτολεμίξω

314 574 581 657 δειλῶν,
628 576 700 639 οἳ
737 575 1093 659 φύλλοισιν
1138 573 1422 649 ἐοικότες
1466 574 1700 640 ἄλλοτε
1740 573 1862 659 μέν
1905 597 1976 639 τε

315 676 659 763 ζαφλεγέες
700 678 1123 762 τελέθουσιν,
1169 679 1461 766 ἀρούρης
1504 680 1759 765 καρπὸν
1805 680 2097 763 ἔδοντες,
2220 697 2333 747 465

313 785 546 850 ἄλλοτε
592 781 666 850 δὲ
710 786 1178 869 φθινύθουσιν
1223 784 1506 870 ἀκήριοι.
1596 785 1761 849 ἀλλὰ
1804 785 2074 869 τάχιστα

312 891 763 974 παυσώμεσθα
808 890 1041 975 μάχης·
1088 890 1159 954 οἰ
1199 887 1259 954 δ’
1307 887 1497 955 αὐτοὶ
1543 890 2040 975 δηριαάσθων.“

402 992 491 1073 ὧς
534 997 661 1082 ἄρα
706 997 1019 1080 φωνήσας
1061 994 1261 1060 πάλιν
1307 993 1626 1081 ἐτράπετ’·
1673 997 1892 1061 αἴδετο
1937 996 2065 1082 γάρ
2113 996 2201 1081 ρ”α

313 1103 945 1186 πατροκασιγνήτοιο
992 1104 1345 1185 μιγήμεναι
1391 1101 1465 1166 ἐν
1508 1101 1902 1186 παλάμῃσιν.

313 1209 438 1272 τὸν·
479 1203 553 1272 δὲ
597 1209 955 1291 κασιγνήτη
1001 1205 1174 1291 μάλα
1217 1206 1500 1289 νείκεσε,
1546 1208 1785 1271 πότνια
1827 1211 2093 1292 θηρῶν,
2220 1223 2332 1273 470

319 1312 648 1399 [Ἄρτεμις
692 1311 1046 1401 ἀγροτέρη,
1090 1309 1201 1377 καὶ
1246 1311 1575 1377 ὀνείδειον
1622 1312 1793 1396 φάτο
1838 1319 2064 1397 μῦθον
2075 1317 2119 1394 ·]

314 1420 630 1504 ,,φεύγεις
676 1421 788 1503 δή,
834 1418 1129 1504 ἑκάεργε,
1174 1418 1598 1484 Ποσειδάωνι
1645 1414 1720 1483 δὲ
1754 1419 1953 1501 νίκην

314 1533 531 1591 πᾶσαν
576 1524 958 1611 ἐπέτρεψας,
1006 1523 1242 1608 μέλεον
1290 1522 1369 1590 δέ
1409 1524 1481 1589 οἰ
1519 1518 1713 1608 εὖχος
1757 1525 2029 1602 ἔδωκας·

314 1632 618 1715 νηπύτιε,
662 1634 734 1695 τί
769 1655 856 1696 νυ
900 1627 1094 1708 τόξον
1140 1632 1308 1713 ἔχεις
1351 1630 1722 1714 ἀνεμώλιον
1768 1630 2010 1710 αὕτως;

319 1739 433 1820 [μή
479 1753 598 1803 σευ
641 1745 769 1802 νῦν
812 1739 908 1802 ἐτι
951 1737 1195 1821 πατρὸς
1240 1735 1342 1801 ἐνὶ
1385 1737 1775 1822 μεγάροισιν
1819 1736 2082 1802 ἀκούσω
2218 1753 2328 1802 475

315 1841 707 1928 εὐχομένου,
754 1843 842 1920 ὡς
884 1843 959 1907 τὸ
1005 1844 1193 1926 πρίν,
1240 1840 1315 1908 ἐν
1360 1842 1760 1907 ἀθανάτοισι
1799 1848 2096 1925 θεοῖσιν,

316 1950 481 2014 ἄντα
525 1948 996 2024 Ποσειδάωνος
1040 1946 1418 2030 ἐναντίβιον
1460 1951 1847 2032 πολεμίζειν.
1850 1949 1924 2029 ]“

405 2051 494 2133 ὧς
538 2055 740 2141 φάτο,
784 2056 907 2139 τὴν
944 2052 1004 2119 δ’
1049 2054 1133 2120 οὔ
1167 2077 1232 2119 τι
1271 2052 1573 2140 προσέφη
1612 2052 1920 2139 ἑκάεργος
1956 1998 2329 2140 Ἀπόλλων,

317 2161 482 2226 ἀλλὰ
524 2159 950 2246 χολωσαμένη
996 2161 1166 2238 Διὸς
1210 2161 1431 2245 αἰδοίη
1477 2161 1863 2245 παράκοιτις

321 2269 637 2348 [νείκεσεν
683 2264 1019 2352 ἰοχέαιραν
1065 2267 1412 2343 ὀνειδείοις
1454 2264 1809 2348 ἐπέεσσιν·]
2219 2284 2330 2333 480

317 2382 500 2456 ,,πῶς
546 2369 620 2438 δὲ
664 2375 750 2437 σὺ
793 2380 922 2437 νῦν
966 2370 1283 2458 μέμονας,
1328 2373 1494 2438 κύον
1540 2370 1755 2455 ἀδεές,
1802 2369 1975 2438 ἀντί’
2017 2371 2194 2457 ἐμεῖο

318 2480 708 2560 στήσεσθαι;
755 2481 1002 2563 χαλεπή
1047 2501 1152 2544 τοι
1196 2478 1325 2563 ἐγὼ
1369 2477 1567 2563 μένος
1612 2478 2086 2563 ἀντιφέρεσθαι

322 2584 659 2670 τοξοφόρῳ
703 2605 826 2671 περ
872 2583 1105 2671 ἐούσῃ,
1152 2585 1299 2651 ἐπεί
1336 2600 1412 2650 σε
1456 2582 1692 2650 λέοντα
1733 2583 2040 2668 γυναιξὶν

319 2694 487 2768 Ζεὺς
537 2696 780 2773 θῆκεν,
834 2686 945 2754 καὶ
999 2691 1201 2755 ἔδωκε
1247 2690 1682 2775 κατακτάμεν,
1731 2690 1818 2775 ἥν
1860 2686 1921 2756 κ’
1966 2687 2329 2776 ἐθέλῃσθα.

316 2793 359 2881 ἦ
403 2819 508 2862 τοι
551 2794 863 2880 βέλτερόν
907 2794 1045 2859 ἐστι
1088 2792 1226 2859 κατ’
1272 2795 1474 2879 οὔρεα
1516 2801 1737 2880 θῆρας
1781 2795 2068 2881 ἐναίρειν
2219 2812 2329 2863 485

319 2899 678 2989 ἀγροτέρας
721 2894 778 2964 τ’
823 2898 1111 2983 ἐλάφους
1152 2898 1195 2984 ἢ
1241 2902 1619 2986 κρείσσοσιν
1667 2894 1773 2984 ἶφι
1817 2901 2164 2985 μάχεσθαι.

319 3010 381 3075 εἰ
423 3004 487 3072 δ’
531 3003 785 3083 ἐθέλεις
826 3003 1140 3091 πολέμοιο
1187 3007 1539 3090 δαήμεναι,
1586 3002 1743 3093 ὄφρ’
1787 3005 1865 3073 ἐὺ
1899 3008 2106 3091 εἰδῇς,

319 3115 525 3181 ὅσσον
569 3110 851 3200 φερτέρη
898 3106 1051 3196 εἴμ’,
1097 3112 1200 3178 ὅτι
1243 3136 1360 3196 μοι
1404 3110 1601 3197 μένος
1646 3111 2139 3197 ἀντιφερίζεις.“

404 3218 447 3306 ἦ
493 3221 577 3308 ῥα
621 3218 731 3285 καὶ
775 3218 1145 3305 ἀμφοτέρας
1189 3217 1298 3286 ἐπὶ
1341 3227 1568 3308 καρπῷ
1614 3229 1834 3306 χεῖρας
1878 3222 2205 3306 ἔμαρπτεν

319 3336 542 3413 σκαιῇ,
591 3326 881 3412 δεξιτερῇ
927 3320 988 3390 δ’
1030 3322 1136 3411 ἄρ’
1179 3324 1288 3391 ἀπ’
1334 3327 1532 3411 ὤμων
1576 3331 1806 3392 αἴνυτο
1850 3327 2035 3409 τόξα,
2222 3343 2329 3394 490
2463 3406 2474 3417 -

319 3435 621 3500 αὐτοῖσιν
668 3429 729 3497 δ’
772 3427 876 3519 ἄρ’
919 3434 1138 3497 ἔθεινε
1182 3429 1339 3517 παρ’
1373 3433 1588 3526 ,οὔατα
1632 3433 1992 3517 μειδιόωσα

319 3535 976 3627 ἐντροπαλιζομένην·
1022 3535 1244 3622 ταχέες
1292 3535 1352 3602 δ’
1397 3540 1708 3604 ἔκπιπτον
1754 3539 1982 3604 ὀιστοί.
