2525 3884
988 166 1299 220 1A1AA02
1335 169 1483 220 xm.
2215 164 2257 228 3

249 321 475 394 σφῶιν
520 303 583 374 δ’
634 304 766 374 ὧδε
812 314 993 374 θεῶν
1036 331 1137 387 τις
1181 308 1283 375 ἐνὶ
1329 307 1528 396 φρεσὶ
1571 311 1938 393 ποιήσειεν,
2189 324 2257 374 55

247 415 430 479 αὐτώ
473 411 547 479 θ’
600 413 946 508 ἑστάμεναι
989 425 1319 500 κρατερῶς
1359 412 1471 480 καὶ
1517 413 1856 498 ἀνωγέμεν
1903 416 2170 490 ἄλλους·

244 528 341 608 τῷ
388 544 461 586 κε
505 518 616 585 καὶ
663 520 1028 604 ἐσσύμενόν
1071 540 1194 606 περ
1240 515 1584 606 ἐρωήσαιτ’
1637 521 1763 586 ἀπὸ
1809 531 1994 604 νηῶν

248 626 649 712 ὠκυπόρων,
697 628 762 692 εἰ
799 629 918 691 καί
955 650 1070 711 μιν
1109 622 1456 711 Ὀλύμπιος
1500 627 1700 703 αὐτὸς
1745 626 2044 712 ἐγείρει.“

336 727 377 815 ἦ
423 729 533 796 καὶ
579 735 918 819 σκηπανίῳ
962 734 1273 816 γαιήοχος
1319 731 1734 815 ἐννοσίγαιος

246 838 599 924 ἀμφοτέρω
643 840 935 915 κεκοπὼς
977 843 1226 922 πλῆσεν
1262 838 1494 923 μένεος
1536 848 1911 924 κρατεροῖο,
2186 855 2254 905 60

245 954 404 1027 γυῖα
452 942 519 1009 δ’
572 948 815 1027 ἔθηκεν
861 944 1145 1030 ἐλαφρά,
1193 946 1403 1021 πόδας
1445 942 1554 1009 καὶ
1598 955 1819 1030 χεῖρας
1863 944 2174 1028 ὕπερθεν.

246 1049 448 1127 αὐτὸς
495 1047 585 1132 δ’,
630 1052 720 1127 ὥς
762 1045 820 1115 τ’
873 1049 1018 1157 ἴρηξ
1065 1050 1439 1137 ὠκύπτερος
1484 1047 1654 1135 ὦρτο
1699 1049 2178 1143 πέτεσθαι,111υῆ
2215 1121 2252 1137 ,ἴ
2279 1116 2366 1135 „m
2423 1114 2440 1129 ,ὴ
2471 1102 2492 1129 4

245 1156 324 1231 ὅς
365 1154 451 1239 ῥά
493 1154 551 1219 τ’
604 1152 711 1220 ἀπ’
765 1158 1091 1239 αἰγίλιπος
1133 1155 1374 1241 πέτρης
1417 1157 1807 1241 περιμήκεος
1851 1148 2336 1240 ἀρθεὶςμί““’ῑ·ῑ·ι’
2376 1144 2420 1221 ῗ’

244 1260 505 1348 ὁρμήσῃ
552 1262 807 1328 πεδίοιο
855 1263 1119 1328 διώκειν
1165 1265 1405 1347 ὄρνεον
1451 1263 1644 1344 ἄλλο,

250 1361 343 1443 ὧς
392 1367 518 1433 ἀπὸ
563 1378 697 1432 τῶν
741 1366 879 1451 ἤιξε
923 1367 1320 1432 Ποσειδάων
1366 1366 1753 1452 ἐνοσίχθων.
2186 1382 2253 1433 65

244 1483 420 1538 τοῖιν
468 1468 531 1537 δ’
585 1475 757 1555 ἔγνω
803 1475 1100 1558 πρόσθεν
1140 1468 1391 1555 Ὀιλῆος
1433 1474 1633 1556 ταχὺς
1676 1476 1865 1554 Αἴας,

245 1573 412 1655 αἶψα
471 1574 533 1642 δ’
577 1573 683 1663 ἄρ’
732 1584 988 1643 Αἴαντα
1030 1576 1332 1663 προσέφη
1388 1577 1810 1663 Τελαμώνιον
1854 1577 2030 1642 υἱόν·

243 1679 497 1767 ,,Αἷαν,
557 1682 702 1748 ἐπεί
729 1706 829 1761 τις
872 1694 997 1750 νῶι
1040 1690 1250 1767 θεῶν,
1298 1686 1370 1749 οἳ
1390 1682 1732 1769 Ὄλυμπον
1777 1686 2075 1768 ἔχουσιν,

244 1790 481 1874 μάντεϊ
521 1789 861 1873 εἰδόμενος
902 1787 1157 1855 κέλεται
1200 1791 1377 1874 παρὰ
1421 1788 1621 1873 νηυσὶ
1666 1791 1992 1875 μάχεσθαι
2055 1826 2124 1834 —-·

244 1891 397 1960 οὐδ’
450 1895 487 1960 ὅ
530 1918 605 1978 γε
651 1895 920 1980 Κάλχας
965 1894 1131 1977 ἐστί,
1176 1897 1555 1980 θεοπρόπος
1601 1898 1970 1979 οἰωνιστής·
2049 1918 2061 1928 ·
2186 1911 2252 1960 70

246 2006 422 2085 ἴχνια
465 2002 591 2086 γὰρ
637 2002 995 2086 μετόπισθε
1039 2002 1266 2066 ποδῶν
1309 1998 1430 2084 ἠδὲ
1472 2001 1786 2085 κνημάων

245 2103 366 2192 ῥεῖ’
419 2109 633 2190 ἔγνων
679 2106 1011 2183 ἀπιόντος·
1059 2106 1413 2192 ἀρίγνωτοι
1461 2103 1534 2172 δὲ
1576 2109 1738 2171 θεοί
1776 2126 1915 2191 περ.

243 2209 353 2276 καὶ
399 2206 462 2277 δ’
514 2210 658 2297 ἐμοὶ
703 2213 881 2300 αὐτῷ
926 2214 1144 2297 θυμὸς
1188 2210 1290 2278 ἐνὶ
1336 2215 1653 2296 στήθεσσι
1698 2215 1995 2296 φίλοισιν

250 2322 505 2402 μᾶλλον
553 2317 918 2404 ἐφορμᾶται
963 2322 1334 2403 πολεμίζειν
1377 2314 1496 2400 ήδὲ
1541 2317 1895 2402 μάχεσθαι,

252 2424 598 2508 μαιμώωσι
644 2422 706 2488 δ’
761 2427 1001 2510 ἔνερθε
1044 2424 1242 2501 πόδες
1285 2420 1395 2488 καὶ
1438 2434 1649 2509 χεῖρες
1691 2424 2049 2509 ὕπερθεν.“
2185 2441 2251 2491 75

334 2531 452 2595 τὸν
500 2524 562 2594 δ’
615 2529 1134 2615 ἀπαμειβόμενος
1176 2528 1475 2615 προσέφη
1531 2532 1946 2615 Τελαμώνιος
1989 2536 2184 2608 Αἴας·

245 2635 466 2719 »οὕτω
511 2644 640 2700 νῦν
683 2634 793 2700 καὶ
839 2633 984 2720 ἐμοὶ
1028 2632 1179 2721 περὶ
1224 2636 1498 2720 δούρατι
1543 2646 1753 2721 χεῖρες
1796 2636 2032 2701 ἄαπτοι

243 2753 601 2826 μαιμῶσιν,
646 2744 763 2807 καί
802 2765 914 2824 μοι
958 2741 1156 2826 μένος
1200 2742 1439 2826 ὤρορε,
1483 2741 1689 2827 νέρθε
1735 2739 1811 2807 δὲ
1854 2740 2093 2807 ποσσὶν

245 2850 523 2932 ἔσσυμαι
568 2846 1026 2933 ἀμφοτέροισι·
1073 2848 1412 2931 μενοινώω
1459 2843 1534 2912 δὲ
1578 2845 1687 2911 καὶ
1734 2842 1873 2925 οἷος

48 3028 76 3059 v
138 3031 145 3035 ,
227 2949 495 3039 ’Ἕκτορι
542 2954 882 3038 Πριαμίδῃ
930 2954 1177 3036 ἄμοτον
1223 2962 1510 3036 μεμαῶτι
1556 2952 1945 3037 ‘migma-ahc<
2180 2972 2248 3023 80

331 3053 417 3135 ὧς
464 3059 534 3123 οἰ
573 3056 694 3142 μὲν
737 3067 1008 3124 τοιαῦτα
1051 3059 1216 3144 πρὸς
1260 3058 1583 3140 ἀλλήλους
1628 3057 1953 3143 ἀγόρευον

242 3164 457 3250 χάρμῃ
503 3167 907 3247 γηθόσυνοι,
952 3167 1074 3247 τήν
1120 3179 1284 3247 σφιν
1327 3165 1487 3240 θεὸς
1532 3166 1770 3248 ἔμβαλε
1813 3170 2036 3253 θυμῷ·

242 3271 458 3355 τόφρα
506 3265 580 3333 δὲ
624 3271 781 3346 τοὺς
828 3270 1067 3334 ὄπιθεν
1113 3272 1426 3352 γαιήοχος
1475 3265 1687 3354 ὦρσεν
1728 3266 2055 3355 Ἀχαιούς,

244 3379 314 3441 οἳ
349 3377 529 3462 παρὰ
570 3373 770 3459 νηυσὶ
813 3383 1064 3461 θοῇσιν
1110 3374 1445 3459 ἀνέψυχον
1492 3378 1694 3456 φίλον
1739 3372 1919 3460 ἦτορ.

241 3491 373 3546 τῶν
402 3477 464 3568 ῤ’
501 3481 632 3565 ἅμα
675 3478 733 3545 τ’
769 3480 1064 3567 ἀργαλέῳ
1101 3480 1365 3565 καμάτῳ
1411 3482 1574 3563 φίλα
1617 3489 1771 3560 γυῖα
1818 3476 2120 3605 λέλυντο,
2176 3490 2241 3536 85

1445 3578 1456 3587 ⁶
1858 3581 1886 3626 1
