2525 3884
255 195 385 258 130
1053 195 1354 247 ΙΜΑΔΟΣ
1391 197 1452 248 Σ.

255 339 635 422 δαιόμενον·
681 340 755 403 τὸ
805 334 878 402 δὲ
924 340 1066 403 δαῖε
1111 338 1268 420 θεά,
1315 343 1691 421 γλαυκῶπις
1729 333 2000 422 Ἀθήνη.

255 443 398 529 τρὶς
443 440 564 529 μὲν
609 440 774 528 ὑπὲρ
820 445 1082 530 τάφρου
1127 442 1352 530 μεγάλ’
1399 450 1539 528 ἴαχε
1586 445 1728 521 δῖος
1765 438 2119 529 Ἀχιλλεύς,

250 548 393 634 τρὶς
440 546 513 614 δὲ
557 553 948 633 κυκήθησαν
1001 554 1219 635 Τρῶες
1268 552 1519 615 κλειτοί
1556 546 1613 614 τ’
1659 549 2013 635 ἐπίκουροι.

254 657 423 721 ἔνθα
470 652 542 720 δὲ
587 653 696 721 καὶ
740 654 875 721 τότ’
918 658 1153 721 ὄλοντο
1203 654 1504 721 δυώδεκα
1553 666 1766 740 φῶτες
1811 658 2067 741 ἄριστοι
2154 673 2277 722 230

252 759 421 846 ἀμφὶ
468 762 665 845 σφοῖς
710 760 966 845 ὀχέεσσι
1009 760 1118 826 καὶ
1165 764 1440 844 ἔγχεσιν.
1533 761 1740 846 αὐτὰρ
1782 755 2024 845 Ἀχαιοὶ

252 867 588 944 ἀσπασίως
634 868 1028 950 Πάτροκλον
1073 862 1238 932 ὑπὲκ
1283 866 1532 950 βελέων
1578 868 1929 952 ἐρύσαντες

249 975 583 1039 κάτθεσαν
631 973 703 1038 ἐν
749 971 1066 1057 λεχέεσσι·
1114 976 1300 1056 φίλοι
1347 968 1408 1038 δ’
1451 972 1793 1058 ἀμφέσταν
1839 971 2087 1057 ἑταῖροι

250 1082 639 1165 μυρόμενοι·
687 1080 848 1162 μετὰ
891 1077 973 1144 δέ
1014 1094 1135 1162 σφι
1180 1080 1487 1163 ποδώκης
1531 1078 1726 1144 εἵπετ’
1775 1075 2105 1164 Ἀχιλλεὺς

252 1186 506 1271 δάκρυα
549 1186 770 1268 θερμὰ
814 1184 1014 1269 χέων,
1060 1183 1198 1250 ἐπεὶ
1246 1187 1450 1250 εἴσιδε
1493 1186 1729 1250 πιστὸν
1775 1183 2036 1271 ἑταῖρον
2160 1200 2277 1250 235

249 1293 553 1376 κείμενον
599 1290 673 1356 ἐν
721 1290 985 1378 φέρτρῳ
1033 1290 1470 1375 δεδαϊγμένον
1516 1290 1650 1368 ὀξέι
1694 1294 1930 1379 χαλκῷ.

249 1398 368 1460 τόν
414 1392 474 1480 ῤ’
516 1391 559 1478 ἦ
604 1418 709 1461 τοι
754 1393 876 1480 μὲν
923 1398 1162 1480 ἔπεμπε
1208 1398 1337 1461 σὺν
1382 1396 1683 1461 ἵπποισιν
1726 1394 1836 1460 καὶ
1881 1398 2163 1481 ὄχεσφιν

251 1500 316 1577 ἐς
360 1504 680 1585 πόλεμον,
729 1497 875 1567 οὐδ’
919 1497 1103 1579 αὖτις
1148 1501 1410 1580 ἐδέξατο
1458 1505 1886 1586 νοστήσαντα.

245 1601 505 1672 Ἠέλιον
553 1604 616 1672 δ’
659 1608 998 1691 ἀκάμαντα
1043 1595 1290 1691 βοῶπις
1334 1610 1569 1672 πότνια
1619 1605 1793 1693 ἽΙρη

250 1710 504 1796 πέμψεν
551 1707 650 1777 ἐπ’
699 1709 1035 1776 Ὠκεανοῖο
1083 1711 1241 1796 ῥοὰς
1287 1711 1564 1778 ἀέκοντα
1608 1712 1908 1778 νέεσθαι·
1967 1725 1973 1730 “
2164 1729 2280 1780 240

245 1816 500 1895 Ἠέλιος
543 1813 667 1902 μὲν
713 1819 861 1900 ἔδυ,
908 1818 1247 1884 παύσαντο
1297 1816 1369 1884 δὲ
1416 1820 1551 1884 δῖοι
1588 1817 1835 1904 Ἀχαιοὶ

252 1925 622 2008 φυλόπιδος
664 1932 981 2011 κρατερῆς
1023 1920 1134 1988 καὶ
1179 1924 1444 2008 ὁμοιίου
1489 1924 1819 2008 πολέμοιο.

772 2024 798 2055 5³
859 2027 875 2053 ²
934 2028 954 2051 θ
1009 2028 1026 2053 Ι

249 2139 662 2223 χωρήσαντες
706 2139 951 2203 ἔλυσαν
994 2130 1113 2220 ὑφ’
1156 2136 1442 2221 ἅρμασιν
1488 2134 1694 2213 ὠκέας
1738 2137 2005 2218 ἵππους,

251 2241 319 2319 ές
365 2240 425 2307 δ’
469 2243 722 2328 ἀγορὴν
767 2242 1083 2329 ἀγέροντο
1130 2243 1339 2328 πάρος
1385 2243 1660 2328 δόρποιο
1706 2240 2042 2327 μέδεσθαι.
2158 2258 2273 2308 245

252 2347 482 2432 ὀρθῶν
527 2346 586 2411 δ’
632 2347 959 2415 ἑσταότων
1005 2349 1211 2434 ἀγορὴ
1257 2342 1495 2431 γένετ’,
1545 2346 1707 2413 οὐδέ
1746 2370 1847 2425 τις
1890 2350 2039 2431 ἔτλη

250 2451 540 2531 ἕζεσθαι·
585 2454 834 2531 πάντας
877 2456 1003 2542 γὰρ
1050 2457 1155 2538 ἔχε
1199 2456 1469 2539 τρόμος,
1517 2448 1734 2519 οὕνεκ’
1779 2451 2111 2537 Ἀχιλλεὺς

250 2557 562 2643 ἐξεφάνη,
612 2560 820 2644 δηρὸν
868 2556 940 2623 δὲ
987 2560 1194 2643 μάχης
1239 2556 1542 2624 ἐπέπαυτ’
1587 2557 1942 2641 ἀλεγεινῆς.

248 2674 422 2730 τοῖσι
470 2660 543 2729 δὲ
588 2663 1038 2747 Πουλυδάμας
1081 2663 1496 2749 πεπνυμένος
1539 2659 1685 2749 ἦρχ’
1731 2663 2078 2747 ἀγορεύειν
2171 2654 2178 2667 ”

250 2771 668 2853 Πανθοΐδης·
715 2769 752 2835 ὁ
797 2770 924 2854 γὰρ
971 2762 1110 2845 οἷος
1155 2769 1280 2854 ὅρα
1324 2772 1591 2855 πρόσσω
1637 2768 1746 2834 καὶ
1794 2769 2061 2835 ὀπίσσω.
2157 2786 2271 2837 250
2361 2804 2368 2808 ·

147 2892 155 2896 ’
235 2874 500 2962 Ἕκτορι
548 2870 608 2941 δ’
650 2871 768 2959 ἦεν
816 2874 1098 2961 ἑταῖρος,
1147 2877 1213 2959 ἰῇ
1261 2872 1322 2940 δ’
1369 2875 1443 2941 ἐν
1487 2873 1677 2941 νυκτὶ
1723 2874 2025 2959 γένοντο·

251 2977 392 3047 ἀλλ’
434 2982 470 3047 ὁ
520 2979 641 3067 μὲν
686 2981 769 3067 ἂρ
816 2983 1167 3066 μύθοισιν,
1215 2982 1251 3047 ὁ
1301 2979 1363 3046 δ’
1409 2985 1586 3066 ἔγχει·
1626 2984 1876 3046 πολλὸν
1922 2981 2123 3047 ἐνίκα.

250 3087 287 3152 ὅ
336 3104 498 3172 σφιν
544 3087 627 3154 ἐὺ,
666 3086 975 3173 φρονέων
1020 3087 1393 3173 ἀγορήσατο
1438 3085 1548 3152 καὶ
1595 3085 1956 3171 μετέειπεν·

249 3189 466 3278 ,,ἀμφὶ
511 3194 683 3277 μάλα
730 3194 1089 3277 φράζεσθε,
1136 3196 1346 3277 φίλοι·
1390 3191 1660 3277 κέλομαι
1704 3194 1830 3278 γὰρ
1877 3192 2003 3277 ἐγώ
2049 3217 2126 3277 γε

253 3300 495 3366 ἄστυδε
539 3307 667 3364 νῦν
715 3299 914 3382 ἰέναι,
961 3301 1048 3384 μὴ
1094 3303 1360 3384 μίμνειν
1403 3300 1499 3382 ἠῶ
1547 3300 1700 3364 δῖαν
2154 3313 2259 3364 255

253 3405 326 3470 ἐν
370 3406 576 3494 πεδίῳ
623 3407 798 3490 παρὰ
841 3408 1110 3486 νηυσίν·
1156 3404 1305 3482 ἕκάς
1351 3401 1411 3470 δ’
1455 3403 1581 3469 ἀπὸ
1627 3407 1871 3488 τείχεός
1916 3406 2115 3487 εἰμεν.

252 3512 431 3597 ὄφρα
474 3508 596 3596 μὲν
643 3506 837 3588 οὗτος
881 3510 1048 3596 ἀνὴρ
1088 3505 1519 3596 Ἀγαμέμνονι
1564 3512 1754 3594 μήνιε
1800 3511 1949 3598 δι’φ,
